%YAML 1.1
%TAG !u! tag:unity3d.com,2011:
--- !u!1 &198807254252445826
GameObject:
  m_ObjectHideFlags: 0
  m_CorrespondingSourceObject: {fileID: 0}
  m_PrefabInstance: {fileID: 0}
  m_PrefabAsset: {fileID: 0}
  serializedVersion: 6
  m_Component:
  - component: {fileID: 7119868793153703142}
  - component: {fileID: 5184499994942806986}
  - component: {fileID: 5519666550111410674}
  - component: {fileID: 4758501816411292016}
  m_Layer: 5
  m_Name: Canvas
  m_TagString: Untagged
  m_Icon: {fileID: 0}
  m_NavMeshLayer: 0
  m_StaticEditorFlags: 0
  m_IsActive: 1
--- !u!224 &7119868793153703142
RectTransform:
  m_ObjectHideFlags: 0
  m_CorrespondingSourceObject: {fileID: 0}
  m_PrefabInstance: {fileID: 0}
  m_PrefabAsset: {fileID: 0}
  m_GameObject: {fileID: 198807254252445826}
  m_LocalRotation: {x: 0.68780565, y: -0.1640835, z: -0.16408356, w: 0.68780565}
  m_LocalPosition: {x: 0, y: 0, z: 0.0036999944}
  m_LocalScale: {x: 0.087115034, y: 0.15442921, z: 0.07526154}
  m_ConstrainProportionsScale: 0
  m_Children:
  - {fileID: 6335617060191477034}
  - {fileID: 7749102608056790309}
  - {fileID: 954129334882321843}
  m_Father: {fileID: 225888850462780976}
  m_LocalEulerAnglesHint: {x: 63.165, y: -90, z: -90}
  m_AnchorMin: {x: 0, y: 0}
  m_AnchorMax: {x: 0, y: 0}
  m_AnchoredPosition: {x: 0.008985624, y: 0.055595133}
  m_SizeDelta: {x: 1, y: 1}
  m_Pivot: {x: 0.5, y: 0.5}
--- !u!223 &5184499994942806986
Canvas:
  m_ObjectHideFlags: 0
  m_CorrespondingSourceObject: {fileID: 0}
  m_PrefabInstance: {fileID: 0}
  m_PrefabAsset: {fileID: 0}
  m_GameObject: {fileID: 198807254252445826}
  m_Enabled: 1
  serializedVersion: 3
  m_RenderMode: 2
  m_Camera: {fileID: 0}
  m_PlaneDistance: 100
  m_PixelPerfect: 0
  m_ReceivesEvents: 1
  m_OverrideSorting: 0
  m_OverridePixelPerfect: 0
  m_SortingBucketNormalizedSize: 0
  m_VertexColorAlwaysGammaSpace: 0
  m_AdditionalShaderChannelsFlag: 25
  m_UpdateRectTransformForStandalone: 0
  m_SortingLayerID: 0
  m_SortingOrder: 0
  m_TargetDisplay: 0
--- !u!114 &5519666550111410674
MonoBehaviour:
  m_ObjectHideFlags: 0
  m_CorrespondingSourceObject: {fileID: 0}
  m_PrefabInstance: {fileID: 0}
  m_PrefabAsset: {fileID: 0}
  m_GameObject: {fileID: 198807254252445826}
  m_Enabled: 1
  m_EditorHideFlags: 0
  m_Script: {fileID: 11500000, guid: 0cd44c1031e13a943bb63640046fad76, type: 3}
  m_Name: 
  m_EditorClassIdentifier: 
  m_UiScaleMode: 0
  m_ReferencePixelsPerUnit: 100
  m_ScaleFactor: 1
  m_ReferenceResolution: {x: 800, y: 600}
  m_ScreenMatchMode: 0
  m_MatchWidthOrHeight: 0
  m_PhysicalUnit: 3
  m_FallbackScreenDPI: 96
  m_DefaultSpriteDPI: 96
  m_DynamicPixelsPerUnit: 1
  m_PresetInfoIsWorld: 1
--- !u!114 &4758501816411292016
MonoBehaviour:
  m_ObjectHideFlags: 0
  m_CorrespondingSourceObject: {fileID: 0}
  m_PrefabInstance: {fileID: 0}
  m_PrefabAsset: {fileID: 0}
  m_GameObject: {fileID: 198807254252445826}
  m_Enabled: 1
  m_EditorHideFlags: 0
  m_Script: {fileID: 11500000, guid: dc42784cf147c0c48a680349fa168899, type: 3}
  m_Name: 
  m_EditorClassIdentifier: 
  m_IgnoreReversedGraphics: 1
  m_BlockingObjects: 0
  m_BlockingMask:
    serializedVersion: 2
    m_Bits: 4294967295
--- !u!1 &2187956694849305187
GameObject:
  m_ObjectHideFlags: 0
  m_CorrespondingSourceObject: {fileID: 0}
  m_PrefabInstance: {fileID: 0}
  m_PrefabAsset: {fileID: 0}
  serializedVersion: 6
  m_Component:
  - component: {fileID: 3336566406171820031}
  - component: {fileID: 436079327395564630}
  m_Layer: 0
  m_Name: arrow_down (1)
  m_TagString: Untagged
  m_Icon: {fileID: 0}
  m_NavMeshLayer: 0
  m_StaticEditorFlags: 0
  m_IsActive: 1
--- !u!4 &3336566406171820031
Transform:
  m_ObjectHideFlags: 0
  m_CorrespondingSourceObject: {fileID: 0}
  m_PrefabInstance: {fileID: 0}
  m_PrefabAsset: {fileID: 0}
  m_GameObject: {fileID: 2187956694849305187}
  serializedVersion: 2
  m_LocalRotation: {x: -0.7071068, y: 0, z: 0, w: 0.7071068}
  m_LocalPosition: {x: -0, y: 0.0425, z: -0.0037}
  m_LocalScale: {x: -0.02487194, y: -0.024871942, z: -0.024871942}
  m_ConstrainProportionsScale: 0
  m_Children: []
  m_Father: {fileID: 4588879275526777234}
  m_LocalEulerAnglesHint: {x: -90, y: 0, z: 0}
--- !u!212 &436079327395564630
SpriteRenderer:
  m_ObjectHideFlags: 0
  m_CorrespondingSourceObject: {fileID: 0}
  m_PrefabInstance: {fileID: 0}
  m_PrefabAsset: {fileID: 0}
  m_GameObject: {fileID: 2187956694849305187}
  m_Enabled: 1
  m_CastShadows: 0
  m_ReceiveShadows: 0
  m_DynamicOccludee: 1
  m_StaticShadowCaster: 0
  m_MotionVectors: 1
  m_LightProbeUsage: 1
  m_ReflectionProbeUsage: 1
  m_RayTracingMode: 0
  m_RayTraceProcedural: 0
  m_RenderingLayerMask: 1
  m_RendererPriority: 0
  m_Materials:
  - {fileID: 10754, guid: 0000000000000000f000000000000000, type: 0}
  m_StaticBatchInfo:
    firstSubMesh: 0
    subMeshCount: 0
  m_StaticBatchRoot: {fileID: 0}
  m_ProbeAnchor: {fileID: 0}
  m_LightProbeVolumeOverride: {fileID: 0}
  m_ScaleInLightmap: 1
  m_ReceiveGI: 1
  m_PreserveUVs: 0
  m_IgnoreNormalsForChartDetection: 0
  m_ImportantGI: 0
  m_StitchLightmapSeams: 1
  m_SelectedEditorRenderState: 0
  m_MinimumChartSize: 4
  m_AutoUVMaxDistance: 0.5
  m_AutoUVMaxAngle: 89
  m_LightmapParameters: {fileID: 0}
  m_SortingLayerID: 0
  m_SortingLayer: 0
  m_SortingOrder: 0
  m_Sprite: {fileID: 21300000, guid: 8e23a03b070b02343ae289c317c04cb8, type: 3}
  m_Color: {r: 1, g: 1, b: 1, a: 1}
  m_FlipX: 0
  m_FlipY: 0
  m_DrawMode: 0
  m_Size: {x: 2.56, y: 2.56}
  m_AdaptiveModeThreshold: 0.5
  m_SpriteTileMode: 0
  m_WasSpriteAssigned: 1
  m_MaskInteraction: 0
  m_SpriteSortPoint: 0
--- !u!1 &4131790198558084572
GameObject:
  m_ObjectHideFlags: 0
  m_CorrespondingSourceObject: {fileID: 0}
  m_PrefabInstance: {fileID: 0}
  m_PrefabAsset: {fileID: 0}
  serializedVersion: 6
  m_Component:
  - component: {fileID: 225888850462780976}
  - component: {fileID: 8309902603419617272}
  m_Layer: 0
  m_Name: Stratagem Controller
  m_TagString: Untagged
  m_Icon: {fileID: 0}
  m_NavMeshLayer: 0
  m_StaticEditorFlags: 0
  m_IsActive: 1
--- !u!4 &225888850462780976
Transform:
  m_ObjectHideFlags: 0
  m_CorrespondingSourceObject: {fileID: 0}
  m_PrefabInstance: {fileID: 0}
  m_PrefabAsset: {fileID: 0}
  m_GameObject: {fileID: 4131790198558084572}
  serializedVersion: 2
  m_LocalRotation: {x: 0, y: 0, z: 0, w: 1}
  m_LocalPosition: {x: -0.0185, y: -0.06224, z: -0.3124}
  m_LocalScale: {x: 1.7778, y: 1.7778, z: 1.7778}
  m_ConstrainProportionsScale: 0
  m_Children:
  - {fileID: 8542266111722448537}
  - {fileID: 4588879275526777234}
  - {fileID: 8221635335928150053}
  - {fileID: 6144831986800452727}
  - {fileID: 2368769155236209415}
  - {fileID: 8594946959496198568}
  - {fileID: 2455266661366260307}
  - {fileID: 7119868793153703142}
  m_Father: {fileID: 0}
  m_LocalEulerAnglesHint: {x: 0, y: 0, z: 0}
--- !u!114 &8309902603419617272
MonoBehaviour:
  m_ObjectHideFlags: 0
  m_CorrespondingSourceObject: {fileID: 0}
  m_PrefabInstance: {fileID: 0}
  m_PrefabAsset: {fileID: 0}
  m_GameObject: {fileID: 4131790198558084572}
  m_Enabled: 1
  m_EditorHideFlags: 0
  m_Script: {fileID: 11500000, guid: fff7fb87f84eb92489c6ad157d5055e9, type: 3}
  m_Name: 
  m_EditorClassIdentifier: 
  _500kgPrefab: {fileID: 5078740235477901186, guid: ae07cad91a423324e90347597916959b, type: 3}
  _gatlingPrefab: {fileID: 5078740235477901186, guid: 2db4d968921e9684795ec3228c5ce3f2, type: 3}
  _empPrefab: {fileID: 5078740235477901186, guid: 27a3ba59fe06d9e43b9f1ce0160724ae, type: 3}
  _illuminationPrefab: {fileID: 1466609872667852030, guid: 825c16c8417fd9c48be130766b2a1acf, type: 3}
  _120mmPrefab: {fileID: 5078740235477901186, guid: f2762cb8756817c4da8721f55ecc2a1d, type: 3}
  _gasStrikePrefab: {fileID: 5078740235477901186, guid: 0116fb5307e512f458f484ed1f70152b, type: 3}
  _smokeStrike: {fileID: 5078740235477901186, guid: 613249833fad4ea4fb8c454e5da55573, type: 3}
  _airBurstStrike: {fileID: 5078740235477901186, guid: 673322d728ef5214dad2b8433565c8fc, type: 3}
  stratagemStateText: {fileID: 7763024375463144090}
  stratagemTutorialText: {fileID: 2000038929791690903}
--- !u!1 &4395451525580351803
GameObject:
  m_ObjectHideFlags: 0
  m_CorrespondingSourceObject: {fileID: 0}
  m_PrefabInstance: {fileID: 0}
  m_PrefabAsset: {fileID: 0}
  serializedVersion: 6
  m_Component:
  - component: {fileID: 6335617060191477034}
  - component: {fileID: 5989191542684039440}
  - component: {fileID: 7763024375463144090}
  m_Layer: 5
  m_Name: Text (TMP)
  m_TagString: Untagged
  m_Icon: {fileID: 0}
  m_NavMeshLayer: 0
  m_StaticEditorFlags: 0
  m_IsActive: 1
--- !u!224 &6335617060191477034
RectTransform:
  m_ObjectHideFlags: 0
  m_CorrespondingSourceObject: {fileID: 0}
  m_PrefabInstance: {fileID: 0}
  m_PrefabAsset: {fileID: 0}
  m_GameObject: {fileID: 4395451525580351803}
  m_LocalRotation: {x: 0.07555815, y: 0.075557984, z: 0.7030583, w: 0.7030584}
  m_LocalPosition: {x: 0, y: 0, z: 0.028997075}
  m_LocalScale: {x: 1, y: 1, z: 1}
  m_ConstrainProportionsScale: 0
  m_Children: []
  m_Father: {fileID: 7119868793153703142}
  m_LocalEulerAnglesHint: {x: 0, y: 12.268, z: 90}
  m_AnchorMin: {x: 0.5, y: 0.5}
  m_AnchorMax: {x: 0.5, y: 0.5}
  m_AnchoredPosition: {x: -0.031989165, y: -0.0051002083}
  m_SizeDelta: {x: 1, y: 1}
  m_Pivot: {x: 0.5, y: 0.5}
--- !u!222 &5989191542684039440
CanvasRenderer:
  m_ObjectHideFlags: 0
  m_CorrespondingSourceObject: {fileID: 0}
  m_PrefabInstance: {fileID: 0}
  m_PrefabAsset: {fileID: 0}
  m_GameObject: {fileID: 4395451525580351803}
  m_CullTransparentMesh: 1
--- !u!114 &7763024375463144090
MonoBehaviour:
  m_ObjectHideFlags: 0
  m_CorrespondingSourceObject: {fileID: 0}
  m_PrefabInstance: {fileID: 0}
  m_PrefabAsset: {fileID: 0}
  m_GameObject: {fileID: 4395451525580351803}
  m_Enabled: 1
  m_EditorHideFlags: 0
  m_Script: {fileID: 11500000, guid: f4688fdb7df04437aeb418b961361dc5, type: 3}
  m_Name: 
  m_EditorClassIdentifier: 
  m_Material: {fileID: 0}
  m_Color: {r: 1, g: 1, b: 1, a: 1}
  m_RaycastTarget: 1
  m_RaycastPadding: {x: 0, y: 0, z: 0, w: 0}
  m_Maskable: 1
  m_OnCullStateChanged:
    m_PersistentCalls:
      m_Calls: []
  m_text: 
  m_isRightToLeft: 0
  m_fontAsset: {fileID: 11400000, guid: 8f586378b4e144a9851e7b34d9b748ee, type: 2}
  m_sharedMaterial: {fileID: 2100000, guid: 0b990d687f3afd644a5f41d55ef21d05, type: 2}
  m_fontSharedMaterials: []
  m_fontMaterial: {fileID: 0}
  m_fontMaterials: []
  m_fontColor32:
    serializedVersion: 2
    rgba: 4294967295
  m_fontColor: {r: 1, g: 1, b: 1, a: 1}
  m_enableVertexGradient: 0
  m_colorMode: 3
  m_fontColorGradient:
    topLeft: {r: 1, g: 1, b: 1, a: 1}
    topRight: {r: 1, g: 1, b: 1, a: 1}
    bottomLeft: {r: 1, g: 1, b: 1, a: 1}
    bottomRight: {r: 1, g: 1, b: 1, a: 1}
  m_fontColorGradientPreset: {fileID: 0}
  m_spriteAsset: {fileID: 0}
  m_tintAllSprites: 0
  m_StyleSheet: {fileID: 0}
  m_TextStyleHashCode: -1183493901
  m_overrideHtmlColors: 0
  m_faceColor:
    serializedVersion: 2
    rgba: 4294967295
  m_fontSize: 36
  m_fontSizeBase: 36
  m_fontWeight: 400
  m_enableAutoSizing: 1
  m_fontSizeMin: 0.001
  m_fontSizeMax: 72
  m_fontStyle: 1
  m_HorizontalAlignment: 2
  m_VerticalAlignment: 256
  m_textAlignment: 65535
  m_characterSpacing: 0
  m_wordSpacing: 0
  m_lineSpacing: 0
  m_lineSpacingMax: 0
  m_paragraphSpacing: 0
  m_charWidthMaxAdj: 0
  m_enableWordWrapping: 1
  m_wordWrappingRatios: 0.4
  m_overflowMode: 0
  m_linkedTextComponent: {fileID: 0}
  parentLinkedComponent: {fileID: 0}
  m_enableKerning: 1
  m_enableExtraPadding: 0
  checkPaddingRequired: 0
  m_isRichText: 1
  m_parseCtrlCharacters: 1
  m_isOrthographic: 1
  m_isCullingEnabled: 0
  m_horizontalMapping: 0
  m_verticalMapping: 0
  m_uvLineOffset: 0
  m_geometrySortingOrder: 0
  m_IsTextObjectScaleStatic: 0
  m_VertexBufferAutoSizeReduction: 0
  m_useMaxVisibleDescender: 1
  m_pageToDisplay: 1
  m_margin: {x: 0.25497678, y: 0.504471, z: 0.29533726, w: 0.39362922}
  m_isUsingLegacyAnimationComponent: 0
  m_isVolumetricText: 0
  m_hasFontAssetChanged: 0
  m_baseMaterial: {fileID: 0}
  m_maskOffset: {x: 0, y: 0, z: 0, w: 0}
--- !u!1 &4898271000586736934
GameObject:
  m_ObjectHideFlags: 0
  m_CorrespondingSourceObject: {fileID: 0}
  m_PrefabInstance: {fileID: 0}
  m_PrefabAsset: {fileID: 0}
  serializedVersion: 6
  m_Component:
  - component: {fileID: 2135735545518786304}
  - component: {fileID: 3352464899957293315}
  m_Layer: 0
  m_Name: arrow_down (2)
  m_TagString: Untagged
  m_Icon: {fileID: 0}
  m_NavMeshLayer: 0
  m_StaticEditorFlags: 0
  m_IsActive: 1
--- !u!4 &2135735545518786304
Transform:
  m_ObjectHideFlags: 0
  m_CorrespondingSourceObject: {fileID: 0}
  m_PrefabInstance: {fileID: 0}
  m_PrefabAsset: {fileID: 0}
  m_GameObject: {fileID: 4898271000586736934}
  serializedVersion: 2
  m_LocalRotation: {x: -0.5, y: 0.5, z: 0.5, w: 0.5}
  m_LocalPosition: {x: -0.2494, y: 0.0425, z: -0.0003}
  m_LocalScale: {x: -0.02487194, y: -0.024871942, z: -0.024871942}
  m_ConstrainProportionsScale: 0
  m_Children: []
  m_Father: {fileID: 8221635335928150053}
  m_LocalEulerAnglesHint: {x: -90, y: 90, z: 0}
--- !u!212 &3352464899957293315
SpriteRenderer:
  m_ObjectHideFlags: 0
  m_CorrespondingSourceObject: {fileID: 0}
  m_PrefabInstance: {fileID: 0}
  m_PrefabAsset: {fileID: 0}
  m_GameObject: {fileID: 4898271000586736934}
  m_Enabled: 1
  m_CastShadows: 0
  m_ReceiveShadows: 0
  m_DynamicOccludee: 1
  m_StaticShadowCaster: 0
  m_MotionVectors: 1
  m_LightProbeUsage: 1
  m_ReflectionProbeUsage: 1
  m_RayTracingMode: 0
  m_RayTraceProcedural: 0
  m_RenderingLayerMask: 1
  m_RendererPriority: 0
  m_Materials:
  - {fileID: 10754, guid: 0000000000000000f000000000000000, type: 0}
  m_StaticBatchInfo:
    firstSubMesh: 0
    subMeshCount: 0
  m_StaticBatchRoot: {fileID: 0}
  m_ProbeAnchor: {fileID: 0}
  m_LightProbeVolumeOverride: {fileID: 0}
  m_ScaleInLightmap: 1
  m_ReceiveGI: 1
  m_PreserveUVs: 0
  m_IgnoreNormalsForChartDetection: 0
  m_ImportantGI: 0
  m_StitchLightmapSeams: 1
  m_SelectedEditorRenderState: 0
  m_MinimumChartSize: 4
  m_AutoUVMaxDistance: 0.5
  m_AutoUVMaxAngle: 89
  m_LightmapParameters: {fileID: 0}
  m_SortingLayerID: 0
  m_SortingLayer: 0
  m_SortingOrder: 0
  m_Sprite: {fileID: 21300000, guid: 8e23a03b070b02343ae289c317c04cb8, type: 3}
  m_Color: {r: 1, g: 1, b: 1, a: 1}
  m_FlipX: 0
  m_FlipY: 0
  m_DrawMode: 0
  m_Size: {x: 2.56, y: 2.56}
  m_AdaptiveModeThreshold: 0.5
  m_SpriteTileMode: 0
  m_WasSpriteAssigned: 1
  m_MaskInteraction: 0
  m_SpriteSortPoint: 0
--- !u!1 &5613012386660717087
GameObject:
  m_ObjectHideFlags: 0
  m_CorrespondingSourceObject: {fileID: 0}
  m_PrefabInstance: {fileID: 0}
  m_PrefabAsset: {fileID: 0}
  serializedVersion: 6
  m_Component:
  - component: {fileID: 7497756739109278444}
  - component: {fileID: 6957377990002254607}
  m_Layer: 0
  m_Name: arrow_down
  m_TagString: Untagged
  m_Icon: {fileID: 0}
  m_NavMeshLayer: 0
  m_StaticEditorFlags: 0
  m_IsActive: 1
--- !u!4 &7497756739109278444
Transform:
  m_ObjectHideFlags: 0
  m_CorrespondingSourceObject: {fileID: 0}
  m_PrefabInstance: {fileID: 0}
  m_PrefabAsset: {fileID: 0}
  m_GameObject: {fileID: 5613012386660717087}
  serializedVersion: 2
  m_LocalRotation: {x: 0, y: 0.7071068, z: 0.7071068, w: 0}
  m_LocalPosition: {x: 0, y: 0.0425, z: 0.0015}
  m_LocalScale: {x: -0.02487194, y: -0.02487194, z: -0.02487194}
  m_ConstrainProportionsScale: 0
  m_Children: []
  m_Father: {fileID: 8542266111722448537}
  m_LocalEulerAnglesHint: {x: -90, y: 180, z: 0}
--- !u!212 &6957377990002254607
SpriteRenderer:
  m_ObjectHideFlags: 0
  m_CorrespondingSourceObject: {fileID: 0}
  m_PrefabInstance: {fileID: 0}
  m_PrefabAsset: {fileID: 0}
  m_GameObject: {fileID: 5613012386660717087}
  m_Enabled: 1
  m_CastShadows: 0
  m_ReceiveShadows: 0
  m_DynamicOccludee: 1
  m_StaticShadowCaster: 0
  m_MotionVectors: 1
  m_LightProbeUsage: 1
  m_ReflectionProbeUsage: 1
  m_RayTracingMode: 0
  m_RayTraceProcedural: 0
  m_RenderingLayerMask: 1
  m_RendererPriority: 0
  m_Materials:
  - {fileID: 10754, guid: 0000000000000000f000000000000000, type: 0}
  m_StaticBatchInfo:
    firstSubMesh: 0
    subMeshCount: 0
  m_StaticBatchRoot: {fileID: 0}
  m_ProbeAnchor: {fileID: 0}
  m_LightProbeVolumeOverride: {fileID: 0}
  m_ScaleInLightmap: 1
  m_ReceiveGI: 1
  m_PreserveUVs: 0
  m_IgnoreNormalsForChartDetection: 0
  m_ImportantGI: 0
  m_StitchLightmapSeams: 1
  m_SelectedEditorRenderState: 0
  m_MinimumChartSize: 4
  m_AutoUVMaxDistance: 0.5
  m_AutoUVMaxAngle: 89
  m_LightmapParameters: {fileID: 0}
  m_SortingLayerID: 0
  m_SortingLayer: 0
  m_SortingOrder: 0
  m_Sprite: {fileID: 21300000, guid: 8e23a03b070b02343ae289c317c04cb8, type: 3}
  m_Color: {r: 1, g: 1, b: 1, a: 1}
  m_FlipX: 0
  m_FlipY: 0
  m_DrawMode: 0
  m_Size: {x: 2.56, y: 2.56}
  m_AdaptiveModeThreshold: 0.5
  m_SpriteTileMode: 0
  m_WasSpriteAssigned: 1
  m_MaskInteraction: 0
  m_SpriteSortPoint: 0
--- !u!1 &6853373896854143977
GameObject:
  m_ObjectHideFlags: 0
  m_CorrespondingSourceObject: {fileID: 0}
  m_PrefabInstance: {fileID: 0}
  m_PrefabAsset: {fileID: 0}
  serializedVersion: 6
  m_Component:
  - component: {fileID: 954129334882321843}
  - component: {fileID: 1462172384429212962}
  - component: {fileID: 462726578768183164}
  m_Layer: 5
  m_Name: RawImage
  m_TagString: Untagged
  m_Icon: {fileID: 0}
  m_NavMeshLayer: 0
  m_StaticEditorFlags: 0
  m_IsActive: 1
--- !u!224 &954129334882321843
RectTransform:
  m_ObjectHideFlags: 0
  m_CorrespondingSourceObject: {fileID: 0}
  m_PrefabInstance: {fileID: 0}
  m_PrefabAsset: {fileID: 0}
  m_GameObject: {fileID: 6853373896854143977}
  m_LocalRotation: {x: 0, y: 0, z: 0, w: 1}
  m_LocalPosition: {x: 0, y: 0, z: 0.025}
  m_LocalScale: {x: 0.83950233, y: 0.9712064, z: 0.43647823}
  m_ConstrainProportionsScale: 0
  m_Children: []
  m_Father: {fileID: 7119868793153703142}
  m_LocalEulerAnglesHint: {x: 0, y: 0, z: 0}
  m_AnchorMin: {x: 0.5, y: 0.5}
  m_AnchorMax: {x: 0.5, y: 0.5}
  m_AnchoredPosition: {x: -0.473, y: -0.015}
  m_SizeDelta: {x: 1, y: 1}
  m_Pivot: {x: 0.5, y: 0.5}
--- !u!222 &1462172384429212962
CanvasRenderer:
  m_ObjectHideFlags: 0
  m_CorrespondingSourceObject: {fileID: 0}
  m_PrefabInstance: {fileID: 0}
  m_PrefabAsset: {fileID: 0}
  m_GameObject: {fileID: 6853373896854143977}
  m_CullTransparentMesh: 1
--- !u!114 &462726578768183164
MonoBehaviour:
  m_ObjectHideFlags: 0
  m_CorrespondingSourceObject: {fileID: 0}
  m_PrefabInstance: {fileID: 0}
  m_PrefabAsset: {fileID: 0}
  m_GameObject: {fileID: 6853373896854143977}
  m_Enabled: 1
  m_EditorHideFlags: 0
  m_Script: {fileID: 11500000, guid: 1344c3c82d62a2a41a3576d8abb8e3ea, type: 3}
  m_Name: 
  m_EditorClassIdentifier: 
  m_Material: {fileID: 2100000, guid: 7632678931fb0f34cb3d81b319e6fd15, type: 2}
  m_Color: {r: 1, g: 1, b: 1, a: 0.23921569}
  m_RaycastTarget: 1
  m_RaycastPadding: {x: 0, y: 0, z: 0, w: 0}
  m_Maskable: 1
  m_OnCullStateChanged:
    m_PersistentCalls:
      m_Calls: []
  m_Texture: {fileID: 2800000, guid: a093780a76b8e8c4c8b121e123d21a82, type: 3}
  m_UVRect:
    serializedVersion: 2
    x: 0
    y: 0
    width: 1
    height: 1
--- !u!1 &6953105906836751533
GameObject:
  m_ObjectHideFlags: 0
  m_CorrespondingSourceObject: {fileID: 0}
  m_PrefabInstance: {fileID: 0}
  m_PrefabAsset: {fileID: 0}
  serializedVersion: 6
  m_Component:
  - component: {fileID: 7749102608056790309}
  - component: {fileID: 7678029655295459098}
  - component: {fileID: 2000038929791690903}
  m_Layer: 5
  m_Name: Stratagem Descriptions
  m_TagString: Untagged
  m_Icon: {fileID: 0}
  m_NavMeshLayer: 0
  m_StaticEditorFlags: 0
  m_IsActive: 1
--- !u!224 &7749102608056790309
RectTransform:
  m_ObjectHideFlags: 0
  m_CorrespondingSourceObject: {fileID: 0}
  m_PrefabInstance: {fileID: 0}
  m_PrefabAsset: {fileID: 0}
  m_GameObject: {fileID: 6953105906836751533}
  m_LocalRotation: {x: 0, y: 0, z: 0.7071068, w: 0.7071068}
  m_LocalPosition: {x: 0, y: 0, z: 0}
  m_LocalScale: {x: 1, y: 1, z: 1}
  m_ConstrainProportionsScale: 0
  m_Children: []
  m_Father: {fileID: 7119868793153703142}
  m_LocalEulerAnglesHint: {x: 0, y: 0, z: 90}
  m_AnchorMin: {x: 0.5, y: 0.5}
  m_AnchorMax: {x: 0.5, y: 0.5}
  m_AnchoredPosition: {x: -0.881, y: -0}
  m_SizeDelta: {x: 1, y: 1}
  m_Pivot: {x: 0.5, y: 0.5}
--- !u!222 &7678029655295459098
CanvasRenderer:
  m_ObjectHideFlags: 0
  m_CorrespondingSourceObject: {fileID: 0}
  m_PrefabInstance: {fileID: 0}
  m_PrefabAsset: {fileID: 0}
  m_GameObject: {fileID: 6953105906836751533}
  m_CullTransparentMesh: 1
--- !u!114 &2000038929791690903
MonoBehaviour:
  m_ObjectHideFlags: 0
  m_CorrespondingSourceObject: {fileID: 0}
  m_PrefabInstance: {fileID: 0}
  m_PrefabAsset: {fileID: 0}
  m_GameObject: {fileID: 6953105906836751533}
  m_Enabled: 1
  m_EditorHideFlags: 0
  m_Script: {fileID: 11500000, guid: f4688fdb7df04437aeb418b961361dc5, type: 3}
  m_Name: 
  m_EditorClassIdentifier: 
  m_Material: {fileID: 0}
  m_Color: {r: 1, g: 1, b: 1, a: 1}
  m_RaycastTarget: 1
  m_RaycastPadding: {x: 0, y: 0, z: 0, w: 0}
  m_Maskable: 1
  m_OnCullStateChanged:
    m_PersistentCalls:
      m_Calls: []
  m_text: "500kg:  \u2191\u2192\u2193\u2193\u2193\nGatling: \u2192\u2193\u2190\u2191\u2191\n"
  m_isRightToLeft: 0
  m_fontAsset: {fileID: 11400000, guid: 8f586378b4e144a9851e7b34d9b748ee, type: 2}
  m_sharedMaterial: {fileID: 2100000, guid: 0b990d687f3afd644a5f41d55ef21d05, type: 2}
  m_fontSharedMaterials: []
  m_fontMaterial: {fileID: 0}
  m_fontMaterials: []
  m_fontColor32:
    serializedVersion: 2
    rgba: 4294967295
  m_fontColor: {r: 1, g: 1, b: 1, a: 1}
  m_enableVertexGradient: 1
  m_colorMode: 3
  m_fontColorGradient:
    topLeft: {r: 0.9339623, g: 0.45186847, b: 0, a: 1}
    topRight: {r: 1, g: 0.5254902, b: 0.5254902, a: 1}
    bottomLeft: {r: 1, g: 0.59159356, b: 0.18396229, a: 1}
    bottomRight: {r: 1, g: 0, b: 0, a: 1}
  m_fontColorGradientPreset: {fileID: 0}
  m_spriteAsset: {fileID: 0}
  m_tintAllSprites: 0
  m_StyleSheet: {fileID: 0}
  m_TextStyleHashCode: -1183493901
  m_overrideHtmlColors: 0
  m_faceColor:
    serializedVersion: 2
    rgba: 4294967295
  m_fontSize: 0.1
  m_fontSizeBase: 36
  m_fontWeight: 400
  m_enableAutoSizing: 1
  m_fontSizeMin: 0.0001
  m_fontSizeMax: 0.17
  m_fontStyle: 1
  m_HorizontalAlignment: 1
  m_VerticalAlignment: 256
  m_textAlignment: 65535
  m_characterSpacing: 0
  m_wordSpacing: 0
  m_lineSpacing: 25
  m_lineSpacingMax: 0
  m_paragraphSpacing: 0
  m_charWidthMaxAdj: 0
  m_enableWordWrapping: 1
  m_wordWrappingRatios: 0.4
  m_overflowMode: 0
  m_linkedTextComponent: {fileID: 0}
  parentLinkedComponent: {fileID: 0}
  m_enableKerning: 1
  m_enableExtraPadding: 0
  checkPaddingRequired: 0
  m_isRichText: 1
  m_parseCtrlCharacters: 1
  m_isOrthographic: 1
  m_isCullingEnabled: 0
  m_horizontalMapping: 0
  m_verticalMapping: 0
  m_uvLineOffset: 0
  m_geometrySortingOrder: 0
  m_IsTextObjectScaleStatic: 0
  m_VertexBufferAutoSizeReduction: 0
  m_useMaxVisibleDescender: 1
  m_pageToDisplay: 1
  m_margin: {x: 0.019194812, y: 0.52557266, z: 0.05478041, w: -0.3071857}
  m_isUsingLegacyAnimationComponent: 0
  m_isVolumetricText: 0
  m_hasFontAssetChanged: 0
  m_baseMaterial: {fileID: 0}
  m_maskOffset: {x: 0, y: 0, z: 0, w: 0}
--- !u!1 &7933923801061402385
GameObject:
  m_ObjectHideFlags: 0
  m_CorrespondingSourceObject: {fileID: 0}
  m_PrefabInstance: {fileID: 0}
  m_PrefabAsset: {fileID: 0}
  serializedVersion: 6
  m_Component:
  - component: {fileID: 1829632762071038562}
  - component: {fileID: 2136717105886394601}
  m_Layer: 0
  m_Name: arrow_down (4)
  m_TagString: Untagged
  m_Icon: {fileID: 0}
  m_NavMeshLayer: 0
  m_StaticEditorFlags: 0
  m_IsActive: 1
--- !u!4 &1829632762071038562
Transform:
  m_ObjectHideFlags: 0
  m_CorrespondingSourceObject: {fileID: 0}
  m_PrefabInstance: {fileID: 0}
  m_PrefabAsset: {fileID: 0}
  m_GameObject: {fileID: 7933923801061402385}
  serializedVersion: 2
  m_LocalRotation: {x: 0.14398281, y: -0.69229263, z: -0.6922925, w: -0.14398254}
  m_LocalPosition: {x: -0.0012982957, y: 0.044202372, z: 0.0037109186}
  m_LocalScale: {x: -0.024871938, y: -0.02487194, z: -0.024871942}
  m_ConstrainProportionsScale: 0
  m_Children: []
  m_Father: {fileID: 8594946959496198568}
  m_LocalEulerAnglesHint: {x: -90, y: -180, z: -23.497986}
--- !u!212 &2136717105886394601
SpriteRenderer:
  m_ObjectHideFlags: 0
  m_CorrespondingSourceObject: {fileID: 0}
  m_PrefabInstance: {fileID: 0}
  m_PrefabAsset: {fileID: 0}
  m_GameObject: {fileID: 7933923801061402385}
  m_Enabled: 1
  m_CastShadows: 0
  m_ReceiveShadows: 0
  m_DynamicOccludee: 1
  m_StaticShadowCaster: 0
  m_MotionVectors: 1
  m_LightProbeUsage: 1
  m_ReflectionProbeUsage: 1
  m_RayTracingMode: 0
  m_RayTraceProcedural: 0
  m_RenderingLayerMask: 1
  m_RendererPriority: 0
  m_Materials:
  - {fileID: 10754, guid: 0000000000000000f000000000000000, type: 0}
  m_StaticBatchInfo:
    firstSubMesh: 0
    subMeshCount: 0
  m_StaticBatchRoot: {fileID: 0}
  m_ProbeAnchor: {fileID: 0}
  m_LightProbeVolumeOverride: {fileID: 0}
  m_ScaleInLightmap: 1
  m_ReceiveGI: 1
  m_PreserveUVs: 0
  m_IgnoreNormalsForChartDetection: 0
  m_ImportantGI: 0
  m_StitchLightmapSeams: 1
  m_SelectedEditorRenderState: 0
  m_MinimumChartSize: 4
  m_AutoUVMaxDistance: 0.5
  m_AutoUVMaxAngle: 89
  m_LightmapParameters: {fileID: 0}
  m_SortingLayerID: 0
  m_SortingLayer: 0
  m_SortingOrder: 0
  m_Sprite: {fileID: 21300000, guid: 477e16ce3d75d124c8bd76f95fa08730, type: 3}
  m_Color: {r: 1, g: 1, b: 1, a: 1}
  m_FlipX: 0
  m_FlipY: 0
  m_DrawMode: 0
  m_Size: {x: 2.56, y: 2.56}
  m_AdaptiveModeThreshold: 0.5
  m_SpriteTileMode: 0
  m_WasSpriteAssigned: 1
  m_MaskInteraction: 0
  m_SpriteSortPoint: 0
--- !u!1 &8183059738488071428
GameObject:
  m_ObjectHideFlags: 0
  m_CorrespondingSourceObject: {fileID: 0}
  m_PrefabInstance: {fileID: 0}
  m_PrefabAsset: {fileID: 0}
  serializedVersion: 6
  m_Component:
  - component: {fileID: 1833476618211531114}
  - component: {fileID: 6129785320514771238}
  m_Layer: 0
  m_Name: arrow_down (3)
  m_TagString: Untagged
  m_Icon: {fileID: 0}
  m_NavMeshLayer: 0
  m_StaticEditorFlags: 0
  m_IsActive: 1
--- !u!4 &1833476618211531114
Transform:
  m_ObjectHideFlags: 0
  m_CorrespondingSourceObject: {fileID: 0}
  m_PrefabInstance: {fileID: 0}
  m_PrefabAsset: {fileID: 0}
  m_GameObject: {fileID: 8183059738488071428}
  serializedVersion: 2
  m_LocalRotation: {x: -0.5, y: -0.5, z: -0.5, w: 0.5}
  m_LocalPosition: {x: 0.2471, y: 0.0425, z: -0.002}
  m_LocalScale: {x: -0.02487194, y: -0.024871942, z: -0.024871942}
  m_ConstrainProportionsScale: 0
  m_Children: []
  m_Father: {fileID: 6144831986800452727}
  m_LocalEulerAnglesHint: {x: -90, y: -90, z: 0}
--- !u!212 &6129785320514771238
SpriteRenderer:
  m_ObjectHideFlags: 0
  m_CorrespondingSourceObject: {fileID: 0}
  m_PrefabInstance: {fileID: 0}
  m_PrefabAsset: {fileID: 0}
  m_GameObject: {fileID: 8183059738488071428}
  m_Enabled: 1
  m_CastShadows: 0
  m_ReceiveShadows: 0
  m_DynamicOccludee: 1
  m_StaticShadowCaster: 0
  m_MotionVectors: 1
  m_LightProbeUsage: 1
  m_ReflectionProbeUsage: 1
  m_RayTracingMode: 0
  m_RayTraceProcedural: 0
  m_RenderingLayerMask: 1
  m_RendererPriority: 0
  m_Materials:
  - {fileID: 10754, guid: 0000000000000000f000000000000000, type: 0}
  m_StaticBatchInfo:
    firstSubMesh: 0
    subMeshCount: 0
  m_StaticBatchRoot: {fileID: 0}
  m_ProbeAnchor: {fileID: 0}
  m_LightProbeVolumeOverride: {fileID: 0}
  m_ScaleInLightmap: 1
  m_ReceiveGI: 1
  m_PreserveUVs: 0
  m_IgnoreNormalsForChartDetection: 0
  m_ImportantGI: 0
  m_StitchLightmapSeams: 1
  m_SelectedEditorRenderState: 0
  m_MinimumChartSize: 4
  m_AutoUVMaxDistance: 0.5
  m_AutoUVMaxAngle: 89
  m_LightmapParameters: {fileID: 0}
  m_SortingLayerID: 0
  m_SortingLayer: 0
  m_SortingOrder: 0
  m_Sprite: {fileID: 21300000, guid: 8e23a03b070b02343ae289c317c04cb8, type: 3}
  m_Color: {r: 1, g: 1, b: 1, a: 1}
  m_FlipX: 0
  m_FlipY: 0
  m_DrawMode: 0
  m_Size: {x: 2.56, y: 2.56}
  m_AdaptiveModeThreshold: 0.5
  m_SpriteTileMode: 0
  m_WasSpriteAssigned: 1
  m_MaskInteraction: 0
  m_SpriteSortPoint: 0
--- !u!1 &8873649390044988574
GameObject:
  m_ObjectHideFlags: 0
  m_CorrespondingSourceObject: {fileID: 0}
  m_PrefabInstance: {fileID: 0}
  m_PrefabAsset: {fileID: 0}
  serializedVersion: 6
  m_Component:
  - component: {fileID: 2455266661366260307}
  - component: {fileID: 5486050006811028164}
  - component: {fileID: 19750206724917780}
  - component: {fileID: 2976199710632235199}
  m_Layer: 0
  m_Name: Cube
  m_TagString: Untagged
  m_Icon: {fileID: 0}
  m_NavMeshLayer: 0
  m_StaticEditorFlags: 0
  m_IsActive: 1
--- !u!4 &2455266661366260307
Transform:
  m_ObjectHideFlags: 0
  m_CorrespondingSourceObject: {fileID: 0}
  m_PrefabInstance: {fileID: 0}
  m_PrefabAsset: {fileID: 0}
  m_GameObject: {fileID: 8873649390044988574}
  serializedVersion: 2
  m_LocalRotation: {x: 0, y: 0, z: 0, w: 1}
  m_LocalPosition: {x: 0.019036, y: 0.047428, z: 0.0016933}
  m_LocalScale: {x: -4.0036316, y: -0.68474734, z: 4.248419}
  m_ConstrainProportionsScale: 0
  m_Children: []
  m_Father: {fileID: 225888850462780976}
  m_LocalEulerAnglesHint: {x: 0, y: 0, z: 0}
--- !u!33 &5486050006811028164
MeshFilter:
  m_ObjectHideFlags: 0
  m_CorrespondingSourceObject: {fileID: 0}
  m_PrefabInstance: {fileID: 0}
  m_PrefabAsset: {fileID: 0}
  m_GameObject: {fileID: 8873649390044988574}
  m_Mesh: {fileID: -4189514412694937182, guid: 72af14b56f398804bbcbc04b48efce81, type: 3}
--- !u!23 &19750206724917780
MeshRenderer:
  m_ObjectHideFlags: 0
  m_CorrespondingSourceObject: {fileID: 0}
  m_PrefabInstance: {fileID: 0}
  m_PrefabAsset: {fileID: 0}
  m_GameObject: {fileID: 8873649390044988574}
  m_Enabled: 1
  m_CastShadows: 1
  m_ReceiveShadows: 1
  m_DynamicOccludee: 1
  m_StaticShadowCaster: 0
  m_MotionVectors: 1
  m_LightProbeUsage: 1
  m_ReflectionProbeUsage: 1
  m_RayTracingMode: 2
  m_RayTraceProcedural: 0
  m_RenderingLayerMask: 1
  m_RendererPriority: 0
  m_Materials:
  - {fileID: 2100000, guid: c5de813b64e100b4899e418ea8a41417, type: 2}
  m_StaticBatchInfo:
    firstSubMesh: 0
    subMeshCount: 0
  m_StaticBatchRoot: {fileID: 0}
  m_ProbeAnchor: {fileID: 0}
  m_LightProbeVolumeOverride: {fileID: 0}
  m_ScaleInLightmap: 1
  m_ReceiveGI: 1
  m_PreserveUVs: 0
  m_IgnoreNormalsForChartDetection: 0
  m_ImportantGI: 0
  m_StitchLightmapSeams: 1
  m_SelectedEditorRenderState: 3
  m_MinimumChartSize: 4
  m_AutoUVMaxDistance: 0.5
  m_AutoUVMaxAngle: 89
  m_LightmapParameters: {fileID: 0}
  m_SortingLayerID: 0
  m_SortingLayer: 0
  m_SortingOrder: 0
  m_AdditionalVertexStreams: {fileID: 0}
--- !u!64 &2976199710632235199
MeshCollider:
  m_ObjectHideFlags: 0
  m_CorrespondingSourceObject: {fileID: 0}
  m_PrefabInstance: {fileID: 0}
  m_PrefabAsset: {fileID: 0}
  m_GameObject: {fileID: 8873649390044988574}
  m_Material: {fileID: 0}
  m_IncludeLayers:
    serializedVersion: 2
    m_Bits: 0
  m_ExcludeLayers:
    serializedVersion: 2
    m_Bits: 0
  m_LayerOverridePriority: 0
  m_IsTrigger: 0
  m_ProvidesContacts: 0
  m_Enabled: 1
  serializedVersion: 5
  m_Convex: 1
  m_CookingOptions: 30
  m_Mesh: {fileID: -4189514412694937182, guid: 72af14b56f398804bbcbc04b48efce81, type: 3}
--- !u!1001 &1533825216447463704
PrefabInstance:
  m_ObjectHideFlags: 0
  serializedVersion: 2
  m_Modification:
    serializedVersion: 3
    m_TransformParent: {fileID: 225888850462780976}
    m_Modifications:
    - target: {fileID: 4616165200164398447, guid: 76f3439a0ae796e4b81bee3f91f888ee, type: 3}
      propertyPath: m_LocalScale.x
      value: 0.059999984
      objectReference: {fileID: 0}
    - target: {fileID: 4616165200164398447, guid: 76f3439a0ae796e4b81bee3f91f888ee, type: 3}
      propertyPath: m_LocalScale.y
      value: 0.06
      objectReference: {fileID: 0}
    - target: {fileID: 4616165200164398447, guid: 76f3439a0ae796e4b81bee3f91f888ee, type: 3}
      propertyPath: m_LocalScale.z
      value: 0.059999984
      objectReference: {fileID: 0}
    - target: {fileID: 4616165200164398447, guid: 76f3439a0ae796e4b81bee3f91f888ee, type: 3}
      propertyPath: m_LocalPosition.x
      value: 0.02543236
      objectReference: {fileID: 0}
    - target: {fileID: 4616165200164398447, guid: 76f3439a0ae796e4b81bee3f91f888ee, type: 3}
      propertyPath: m_LocalPosition.y
      value: 0.055899538
      objectReference: {fileID: 0}
    - target: {fileID: 4616165200164398447, guid: 76f3439a0ae796e4b81bee3f91f888ee, type: 3}
      propertyPath: m_LocalPosition.z
      value: 0.007490008
      objectReference: {fileID: 0}
    - target: {fileID: 4616165200164398447, guid: 76f3439a0ae796e4b81bee3f91f888ee, type: 3}
      propertyPath: m_LocalRotation.w
      value: -0.7071068
      objectReference: {fileID: 0}
    - target: {fileID: 4616165200164398447, guid: 76f3439a0ae796e4b81bee3f91f888ee, type: 3}
      propertyPath: m_LocalRotation.x
      value: -0
      objectReference: {fileID: 0}
    - target: {fileID: 4616165200164398447, guid: 76f3439a0ae796e4b81bee3f91f888ee, type: 3}
      propertyPath: m_LocalRotation.y
      value: -0.7071068
      objectReference: {fileID: 0}
    - target: {fileID: 4616165200164398447, guid: 76f3439a0ae796e4b81bee3f91f888ee, type: 3}
      propertyPath: m_LocalRotation.z
      value: -0
      objectReference: {fileID: 0}
    - target: {fileID: 4616165200164398447, guid: 76f3439a0ae796e4b81bee3f91f888ee, type: 3}
      propertyPath: m_LocalEulerAnglesHint.x
      value: 0
      objectReference: {fileID: 0}
    - target: {fileID: 4616165200164398447, guid: 76f3439a0ae796e4b81bee3f91f888ee, type: 3}
      propertyPath: m_LocalEulerAnglesHint.y
      value: 0
      objectReference: {fileID: 0}
    - target: {fileID: 4616165200164398447, guid: 76f3439a0ae796e4b81bee3f91f888ee, type: 3}
      propertyPath: m_LocalEulerAnglesHint.z
      value: 0
      objectReference: {fileID: 0}
    - target: {fileID: 4616165200164398447, guid: 76f3439a0ae796e4b81bee3f91f888ee, type: 3}
      propertyPath: m_ConstrainProportionsScale
      value: 1
      objectReference: {fileID: 0}
    - target: {fileID: 4922582553321831162, guid: 76f3439a0ae796e4b81bee3f91f888ee, type: 3}
      propertyPath: m_Name
      value: Push Right
      objectReference: {fileID: 0}
    - target: {fileID: 5419331889293473514, guid: 76f3439a0ae796e4b81bee3f91f888ee, type: 3}
      propertyPath: m_Activated.m_PersistentCalls.m_Calls.Array.size
      value: 1
      objectReference: {fileID: 0}
    - target: {fileID: 5419331889293473514, guid: 76f3439a0ae796e4b81bee3f91f888ee, type: 3}
      propertyPath: m_FirstSelectEntered.m_PersistentCalls.m_Calls.Array.size
      value: 1
      objectReference: {fileID: 0}
    - target: {fileID: 5419331889293473514, guid: 76f3439a0ae796e4b81bee3f91f888ee, type: 3}
      propertyPath: m_Activated.m_PersistentCalls.m_Calls.Array.data[0].m_Mode
      value: 1
      objectReference: {fileID: 0}
    - target: {fileID: 5419331889293473514, guid: 76f3439a0ae796e4b81bee3f91f888ee, type: 3}
      propertyPath: m_Activated.m_PersistentCalls.m_Calls.Array.data[0].m_Target
      value: 
      objectReference: {fileID: 8309902603419617272}
    - target: {fileID: 5419331889293473514, guid: 76f3439a0ae796e4b81bee3f91f888ee, type: 3}
      propertyPath: m_Activated.m_PersistentCalls.m_Calls.Array.data[0].m_CallState
      value: 2
      objectReference: {fileID: 0}
    - target: {fileID: 5419331889293473514, guid: 76f3439a0ae796e4b81bee3f91f888ee, type: 3}
      propertyPath: m_Activated.m_PersistentCalls.m_Calls.Array.data[0].m_MethodName
      value: StratagemRightPushed
      objectReference: {fileID: 0}
    - target: {fileID: 5419331889293473514, guid: 76f3439a0ae796e4b81bee3f91f888ee, type: 3}
      propertyPath: m_FirstSelectEntered.m_PersistentCalls.m_Calls.Array.data[0].m_Mode
      value: 1
      objectReference: {fileID: 0}
    - target: {fileID: 5419331889293473514, guid: 76f3439a0ae796e4b81bee3f91f888ee, type: 3}
      propertyPath: m_FirstSelectEntered.m_PersistentCalls.m_Calls.Array.data[0].m_Target
      value: 
      objectReference: {fileID: 8309902603419617272}
    - target: {fileID: 5419331889293473514, guid: 76f3439a0ae796e4b81bee3f91f888ee, type: 3}
      propertyPath: m_FirstSelectEntered.m_PersistentCalls.m_Calls.Array.data[0].m_CallState
      value: 2
      objectReference: {fileID: 0}
    - target: {fileID: 5419331889293473514, guid: 76f3439a0ae796e4b81bee3f91f888ee, type: 3}
      propertyPath: m_FirstSelectEntered.m_PersistentCalls.m_Calls.Array.data[0].m_MethodName
      value: StratagemRightPushed
      objectReference: {fileID: 0}
    - target: {fileID: 5419331889293473514, guid: 76f3439a0ae796e4b81bee3f91f888ee, type: 3}
      propertyPath: m_Activated.m_PersistentCalls.m_Calls.Array.data[0].m_TargetAssemblyTypeName
      value: StratagemController, Assembly-CSharp
      objectReference: {fileID: 0}
    - target: {fileID: 5419331889293473514, guid: 76f3439a0ae796e4b81bee3f91f888ee, type: 3}
      propertyPath: m_FirstSelectEntered.m_PersistentCalls.m_Calls.Array.data[0].m_TargetAssemblyTypeName
      value: StratagemController, Assembly-CSharp
      objectReference: {fileID: 0}
    - target: {fileID: 5419331889293473514, guid: 76f3439a0ae796e4b81bee3f91f888ee, type: 3}
      propertyPath: m_Activated.m_PersistentCalls.m_Calls.Array.data[0].m_Arguments.m_ObjectArgumentAssemblyTypeName
      value: UnityEngine.Object, UnityEngine
      objectReference: {fileID: 0}
    - target: {fileID: 5419331889293473514, guid: 76f3439a0ae796e4b81bee3f91f888ee, type: 3}
      propertyPath: m_FirstSelectEntered.m_PersistentCalls.m_Calls.Array.data[0].m_Arguments.m_ObjectArgumentAssemblyTypeName
      value: UnityEngine.Object, UnityEngine
      objectReference: {fileID: 0}
    m_RemovedComponents: []
    m_RemovedGameObjects: []
    m_AddedGameObjects:
    - targetCorrespondingSourceObject: {fileID: 4616165200164398447, guid: 76f3439a0ae796e4b81bee3f91f888ee, type: 3}
      insertIndex: -1
      addedObject: {fileID: 1833476618211531114}
    m_AddedComponents: []
  m_SourcePrefab: {fileID: 100100000, guid: 76f3439a0ae796e4b81bee3f91f888ee, type: 3}
--- !u!4 &6144831986800452727 stripped
Transform:
  m_CorrespondingSourceObject: {fileID: 4616165200164398447, guid: 76f3439a0ae796e4b81bee3f91f888ee, type: 3}
  m_PrefabInstance: {fileID: 1533825216447463704}
  m_PrefabAsset: {fileID: 0}
--- !u!1001 &3609340491857550666
PrefabInstance:
  m_ObjectHideFlags: 0
  serializedVersion: 2
  m_Modification:
    serializedVersion: 3
    m_TransformParent: {fileID: 225888850462780976}
    m_Modifications:
    - target: {fileID: 4616165200164398447, guid: 76f3439a0ae796e4b81bee3f91f888ee, type: 3}
      propertyPath: m_LocalScale.x
      value: 0.059999984
      objectReference: {fileID: 0}
    - target: {fileID: 4616165200164398447, guid: 76f3439a0ae796e4b81bee3f91f888ee, type: 3}
      propertyPath: m_LocalScale.y
      value: 0.06
      objectReference: {fileID: 0}
    - target: {fileID: 4616165200164398447, guid: 76f3439a0ae796e4b81bee3f91f888ee, type: 3}
      propertyPath: m_LocalScale.z
      value: 0.059999984
      objectReference: {fileID: 0}
    - target: {fileID: 4616165200164398447, guid: 76f3439a0ae796e4b81bee3f91f888ee, type: 3}
      propertyPath: m_LocalPosition.x
      value: 0.025402358
      objectReference: {fileID: 0}
    - target: {fileID: 4616165200164398447, guid: 76f3439a0ae796e4b81bee3f91f888ee, type: 3}
      propertyPath: m_LocalPosition.y
      value: 0.055899538
      objectReference: {fileID: 0}
    - target: {fileID: 4616165200164398447, guid: 76f3439a0ae796e4b81bee3f91f888ee, type: 3}
      propertyPath: m_LocalPosition.z
      value: -0.0072999923
      objectReference: {fileID: 0}
    - target: {fileID: 4616165200164398447, guid: 76f3439a0ae796e4b81bee3f91f888ee, type: 3}
      propertyPath: m_LocalRotation.w
      value: -0.7071068
      objectReference: {fileID: 0}
    - target: {fileID: 4616165200164398447, guid: 76f3439a0ae796e4b81bee3f91f888ee, type: 3}
      propertyPath: m_LocalRotation.x
      value: -0
      objectReference: {fileID: 0}
    - target: {fileID: 4616165200164398447, guid: 76f3439a0ae796e4b81bee3f91f888ee, type: 3}
      propertyPath: m_LocalRotation.y
      value: -0.7071068
      objectReference: {fileID: 0}
    - target: {fileID: 4616165200164398447, guid: 76f3439a0ae796e4b81bee3f91f888ee, type: 3}
      propertyPath: m_LocalRotation.z
      value: -0
      objectReference: {fileID: 0}
    - target: {fileID: 4616165200164398447, guid: 76f3439a0ae796e4b81bee3f91f888ee, type: 3}
      propertyPath: m_LocalEulerAnglesHint.x
      value: 0
      objectReference: {fileID: 0}
    - target: {fileID: 4616165200164398447, guid: 76f3439a0ae796e4b81bee3f91f888ee, type: 3}
      propertyPath: m_LocalEulerAnglesHint.y
      value: 0
      objectReference: {fileID: 0}
    - target: {fileID: 4616165200164398447, guid: 76f3439a0ae796e4b81bee3f91f888ee, type: 3}
      propertyPath: m_LocalEulerAnglesHint.z
      value: 0
      objectReference: {fileID: 0}
    - target: {fileID: 4616165200164398447, guid: 76f3439a0ae796e4b81bee3f91f888ee, type: 3}
      propertyPath: m_ConstrainProportionsScale
      value: 1
      objectReference: {fileID: 0}
    - target: {fileID: 4922582553321831162, guid: 76f3439a0ae796e4b81bee3f91f888ee, type: 3}
      propertyPath: m_Name
      value: Push Left
      objectReference: {fileID: 0}
    - target: {fileID: 5419331889293473514, guid: 76f3439a0ae796e4b81bee3f91f888ee, type: 3}
      propertyPath: m_Activated.m_PersistentCalls.m_Calls.Array.size
      value: 1
      objectReference: {fileID: 0}
    - target: {fileID: 5419331889293473514, guid: 76f3439a0ae796e4b81bee3f91f888ee, type: 3}
      propertyPath: m_FirstSelectEntered.m_PersistentCalls.m_Calls.Array.size
      value: 1
      objectReference: {fileID: 0}
    - target: {fileID: 5419331889293473514, guid: 76f3439a0ae796e4b81bee3f91f888ee, type: 3}
      propertyPath: m_Activated.m_PersistentCalls.m_Calls.Array.data[0].m_Mode
      value: 1
      objectReference: {fileID: 0}
    - target: {fileID: 5419331889293473514, guid: 76f3439a0ae796e4b81bee3f91f888ee, type: 3}
      propertyPath: m_Activated.m_PersistentCalls.m_Calls.Array.data[0].m_Target
      value: 
      objectReference: {fileID: 8309902603419617272}
    - target: {fileID: 5419331889293473514, guid: 76f3439a0ae796e4b81bee3f91f888ee, type: 3}
      propertyPath: m_Activated.m_PersistentCalls.m_Calls.Array.data[0].m_CallState
      value: 2
      objectReference: {fileID: 0}
    - target: {fileID: 5419331889293473514, guid: 76f3439a0ae796e4b81bee3f91f888ee, type: 3}
      propertyPath: m_Activated.m_PersistentCalls.m_Calls.Array.data[0].m_MethodName
      value: StratagemLeftPushed
      objectReference: {fileID: 0}
    - target: {fileID: 5419331889293473514, guid: 76f3439a0ae796e4b81bee3f91f888ee, type: 3}
      propertyPath: m_FirstSelectEntered.m_PersistentCalls.m_Calls.Array.data[0].m_Mode
      value: 1
      objectReference: {fileID: 0}
    - target: {fileID: 5419331889293473514, guid: 76f3439a0ae796e4b81bee3f91f888ee, type: 3}
      propertyPath: m_FirstSelectEntered.m_PersistentCalls.m_Calls.Array.data[0].m_Target
      value: 
      objectReference: {fileID: 8309902603419617272}
    - target: {fileID: 5419331889293473514, guid: 76f3439a0ae796e4b81bee3f91f888ee, type: 3}
      propertyPath: m_FirstSelectEntered.m_PersistentCalls.m_Calls.Array.data[0].m_CallState
      value: 2
      objectReference: {fileID: 0}
    - target: {fileID: 5419331889293473514, guid: 76f3439a0ae796e4b81bee3f91f888ee, type: 3}
      propertyPath: m_FirstSelectEntered.m_PersistentCalls.m_Calls.Array.data[0].m_MethodName
      value: StratagemLeftPushed
      objectReference: {fileID: 0}
    - target: {fileID: 5419331889293473514, guid: 76f3439a0ae796e4b81bee3f91f888ee, type: 3}
      propertyPath: m_Activated.m_PersistentCalls.m_Calls.Array.data[0].m_TargetAssemblyTypeName
      value: StratagemController, Assembly-CSharp
      objectReference: {fileID: 0}
    - target: {fileID: 5419331889293473514, guid: 76f3439a0ae796e4b81bee3f91f888ee, type: 3}
      propertyPath: m_FirstSelectEntered.m_PersistentCalls.m_Calls.Array.data[0].m_TargetAssemblyTypeName
      value: StratagemController, Assembly-CSharp
      objectReference: {fileID: 0}
    - target: {fileID: 5419331889293473514, guid: 76f3439a0ae796e4b81bee3f91f888ee, type: 3}
      propertyPath: m_Activated.m_PersistentCalls.m_Calls.Array.data[0].m_Arguments.m_ObjectArgumentAssemblyTypeName
      value: UnityEngine.Object, UnityEngine
      objectReference: {fileID: 0}
    - target: {fileID: 5419331889293473514, guid: 76f3439a0ae796e4b81bee3f91f888ee, type: 3}
      propertyPath: m_FirstSelectEntered.m_PersistentCalls.m_Calls.Array.data[0].m_Arguments.m_ObjectArgumentAssemblyTypeName
      value: UnityEngine.Object, UnityEngine
      objectReference: {fileID: 0}
    m_RemovedComponents: []
    m_RemovedGameObjects: []
    m_AddedGameObjects:
    - targetCorrespondingSourceObject: {fileID: 4616165200164398447, guid: 76f3439a0ae796e4b81bee3f91f888ee, type: 3}
      insertIndex: -1
      addedObject: {fileID: 2135735545518786304}
    m_AddedComponents: []
  m_SourcePrefab: {fileID: 100100000, guid: 76f3439a0ae796e4b81bee3f91f888ee, type: 3}
--- !u!4 &8221635335928150053 stripped
Transform:
  m_CorrespondingSourceObject: {fileID: 4616165200164398447, guid: 76f3439a0ae796e4b81bee3f91f888ee, type: 3}
  m_PrefabInstance: {fileID: 3609340491857550666}
  m_PrefabAsset: {fileID: 0}
--- !u!1001 &3928212066233697270
PrefabInstance:
  m_ObjectHideFlags: 0
  serializedVersion: 2
  m_Modification:
    serializedVersion: 3
    m_TransformParent: {fileID: 225888850462780976}
    m_Modifications:
    - target: {fileID: 4616165200164398447, guid: 76f3439a0ae796e4b81bee3f91f888ee, type: 3}
      propertyPath: m_LocalScale.x
      value: 0.059999984
      objectReference: {fileID: 0}
    - target: {fileID: 4616165200164398447, guid: 76f3439a0ae796e4b81bee3f91f888ee, type: 3}
      propertyPath: m_LocalScale.y
      value: 0.06
      objectReference: {fileID: 0}
    - target: {fileID: 4616165200164398447, guid: 76f3439a0ae796e4b81bee3f91f888ee, type: 3}
      propertyPath: m_LocalScale.z
      value: 0.059999984
      objectReference: {fileID: 0}
    - target: {fileID: 4616165200164398447, guid: 76f3439a0ae796e4b81bee3f91f888ee, type: 3}
      propertyPath: m_LocalPosition.x
      value: 0.033
      objectReference: {fileID: 0}
    - target: {fileID: 4616165200164398447, guid: 76f3439a0ae796e4b81bee3f91f888ee, type: 3}
      propertyPath: m_LocalPosition.y
      value: 0.0559
      objectReference: {fileID: 0}
    - target: {fileID: 4616165200164398447, guid: 76f3439a0ae796e4b81bee3f91f888ee, type: 3}
      propertyPath: m_LocalPosition.z
      value: 0.0001
      objectReference: {fileID: 0}
    - target: {fileID: 4616165200164398447, guid: 76f3439a0ae796e4b81bee3f91f888ee, type: 3}
      propertyPath: m_LocalRotation.w
      value: -0.7071068
      objectReference: {fileID: 0}
    - target: {fileID: 4616165200164398447, guid: 76f3439a0ae796e4b81bee3f91f888ee, type: 3}
      propertyPath: m_LocalRotation.x
      value: -0
      objectReference: {fileID: 0}
    - target: {fileID: 4616165200164398447, guid: 76f3439a0ae796e4b81bee3f91f888ee, type: 3}
      propertyPath: m_LocalRotation.y
      value: -0.7071068
      objectReference: {fileID: 0}
    - target: {fileID: 4616165200164398447, guid: 76f3439a0ae796e4b81bee3f91f888ee, type: 3}
      propertyPath: m_LocalRotation.z
      value: -0
      objectReference: {fileID: 0}
    - target: {fileID: 4616165200164398447, guid: 76f3439a0ae796e4b81bee3f91f888ee, type: 3}
      propertyPath: m_LocalEulerAnglesHint.x
      value: 0
      objectReference: {fileID: 0}
    - target: {fileID: 4616165200164398447, guid: 76f3439a0ae796e4b81bee3f91f888ee, type: 3}
      propertyPath: m_LocalEulerAnglesHint.y
      value: 0
      objectReference: {fileID: 0}
    - target: {fileID: 4616165200164398447, guid: 76f3439a0ae796e4b81bee3f91f888ee, type: 3}
      propertyPath: m_LocalEulerAnglesHint.z
      value: 0
      objectReference: {fileID: 0}
    - target: {fileID: 4616165200164398447, guid: 76f3439a0ae796e4b81bee3f91f888ee, type: 3}
      propertyPath: m_ConstrainProportionsScale
      value: 1
      objectReference: {fileID: 0}
    - target: {fileID: 4922582553321831162, guid: 76f3439a0ae796e4b81bee3f91f888ee, type: 3}
      propertyPath: m_Name
      value: Push Down
      objectReference: {fileID: 0}
    - target: {fileID: 5419331889293473514, guid: 76f3439a0ae796e4b81bee3f91f888ee, type: 3}
      propertyPath: m_Activated.m_PersistentCalls.m_Calls.Array.size
      value: 0
      objectReference: {fileID: 0}
    - target: {fileID: 5419331889293473514, guid: 76f3439a0ae796e4b81bee3f91f888ee, type: 3}
      propertyPath: m_SelectEntered.m_PersistentCalls.m_Calls.Array.size
      value: 0
      objectReference: {fileID: 0}
    - target: {fileID: 5419331889293473514, guid: 76f3439a0ae796e4b81bee3f91f888ee, type: 3}
      propertyPath: m_LastSelectExited.m_PersistentCalls.m_Calls.Array.size
      value: 1
      objectReference: {fileID: 0}
    - target: {fileID: 5419331889293473514, guid: 76f3439a0ae796e4b81bee3f91f888ee, type: 3}
      propertyPath: m_FirstSelectEntered.m_PersistentCalls.m_Calls.Array.size
      value: 0
      objectReference: {fileID: 0}
    - target: {fileID: 5419331889293473514, guid: 76f3439a0ae796e4b81bee3f91f888ee, type: 3}
      propertyPath: m_Activated.m_PersistentCalls.m_Calls.Array.data[0].m_Mode
      value: 1
      objectReference: {fileID: 0}
    - target: {fileID: 5419331889293473514, guid: 76f3439a0ae796e4b81bee3f91f888ee, type: 3}
      propertyPath: m_Activated.m_PersistentCalls.m_Calls.Array.data[0].m_Target
      value: 
      objectReference: {fileID: 8309902603419617272}
    - target: {fileID: 5419331889293473514, guid: 76f3439a0ae796e4b81bee3f91f888ee, type: 3}
      propertyPath: m_SelectEntered.m_PersistentCalls.m_Calls.Array.data[0].m_Mode
      value: 1
      objectReference: {fileID: 0}
    - target: {fileID: 5419331889293473514, guid: 76f3439a0ae796e4b81bee3f91f888ee, type: 3}
      propertyPath: m_Activated.m_PersistentCalls.m_Calls.Array.data[0].m_CallState
      value: 2
      objectReference: {fileID: 0}
    - target: {fileID: 5419331889293473514, guid: 76f3439a0ae796e4b81bee3f91f888ee, type: 3}
      propertyPath: m_Activated.m_PersistentCalls.m_Calls.Array.data[0].m_MethodName
      value: StratagemDownPushed
      objectReference: {fileID: 0}
    - target: {fileID: 5419331889293473514, guid: 76f3439a0ae796e4b81bee3f91f888ee, type: 3}
      propertyPath: m_SelectEntered.m_PersistentCalls.m_Calls.Array.data[0].m_Target
      value: 
      objectReference: {fileID: 8309902603419617272}
    - target: {fileID: 5419331889293473514, guid: 76f3439a0ae796e4b81bee3f91f888ee, type: 3}
      propertyPath: m_LastSelectExited.m_PersistentCalls.m_Calls.Array.data[0].m_Mode
      value: 1
      objectReference: {fileID: 0}
    - target: {fileID: 5419331889293473514, guid: 76f3439a0ae796e4b81bee3f91f888ee, type: 3}
      propertyPath: m_FirstSelectEntered.m_PersistentCalls.m_Calls.Array.data[0].m_Mode
      value: 1
      objectReference: {fileID: 0}
    - target: {fileID: 5419331889293473514, guid: 76f3439a0ae796e4b81bee3f91f888ee, type: 3}
      propertyPath: m_LastSelectExited.m_PersistentCalls.m_Calls.Array.data[0].m_Target
      value: 
      objectReference: {fileID: 8309902603419617272}
    - target: {fileID: 5419331889293473514, guid: 76f3439a0ae796e4b81bee3f91f888ee, type: 3}
      propertyPath: m_SelectEntered.m_PersistentCalls.m_Calls.Array.data[0].m_CallState
      value: 2
      objectReference: {fileID: 0}
    - target: {fileID: 5419331889293473514, guid: 76f3439a0ae796e4b81bee3f91f888ee, type: 3}
      propertyPath: m_SelectEntered.m_PersistentCalls.m_Calls.Array.data[0].m_MethodName
      value: StratagemDownPushed
      objectReference: {fileID: 0}
    - target: {fileID: 5419331889293473514, guid: 76f3439a0ae796e4b81bee3f91f888ee, type: 3}
      propertyPath: m_FirstSelectEntered.m_PersistentCalls.m_Calls.Array.data[0].m_Target
      value: 
      objectReference: {fileID: 8309902603419617272}
    - target: {fileID: 5419331889293473514, guid: 76f3439a0ae796e4b81bee3f91f888ee, type: 3}
      propertyPath: m_LastSelectExited.m_PersistentCalls.m_Calls.Array.data[0].m_CallState
      value: 2
      objectReference: {fileID: 0}
    - target: {fileID: 5419331889293473514, guid: 76f3439a0ae796e4b81bee3f91f888ee, type: 3}
      propertyPath: m_LastSelectExited.m_PersistentCalls.m_Calls.Array.data[0].m_MethodName
      value: StratagemDownPushed
      objectReference: {fileID: 0}
    - target: {fileID: 5419331889293473514, guid: 76f3439a0ae796e4b81bee3f91f888ee, type: 3}
      propertyPath: m_FirstSelectEntered.m_PersistentCalls.m_Calls.Array.data[0].m_CallState
      value: 2
      objectReference: {fileID: 0}
    - target: {fileID: 5419331889293473514, guid: 76f3439a0ae796e4b81bee3f91f888ee, type: 3}
      propertyPath: m_FirstSelectEntered.m_PersistentCalls.m_Calls.Array.data[0].m_MethodName
      value: StratagemDownPushed
      objectReference: {fileID: 0}
    - target: {fileID: 5419331889293473514, guid: 76f3439a0ae796e4b81bee3f91f888ee, type: 3}
      propertyPath: m_Activated.m_PersistentCalls.m_Calls.Array.data[0].m_TargetAssemblyTypeName
      value: StratagemController, Assembly-CSharp
      objectReference: {fileID: 0}
    - target: {fileID: 5419331889293473514, guid: 76f3439a0ae796e4b81bee3f91f888ee, type: 3}
      propertyPath: m_SelectEntered.m_PersistentCalls.m_Calls.Array.data[0].m_TargetAssemblyTypeName
      value: StratagemController, Assembly-CSharp
      objectReference: {fileID: 0}
    - target: {fileID: 5419331889293473514, guid: 76f3439a0ae796e4b81bee3f91f888ee, type: 3}
      propertyPath: m_LastSelectExited.m_PersistentCalls.m_Calls.Array.data[0].m_TargetAssemblyTypeName
      value: StratagemController, Assembly-CSharp
      objectReference: {fileID: 0}
    - target: {fileID: 5419331889293473514, guid: 76f3439a0ae796e4b81bee3f91f888ee, type: 3}
      propertyPath: m_FirstSelectEntered.m_PersistentCalls.m_Calls.Array.data[0].m_TargetAssemblyTypeName
      value: StratagemController, Assembly-CSharp
      objectReference: {fileID: 0}
    - target: {fileID: 5419331889293473514, guid: 76f3439a0ae796e4b81bee3f91f888ee, type: 3}
      propertyPath: m_Activated.m_PersistentCalls.m_Calls.Array.data[0].m_Arguments.m_ObjectArgumentAssemblyTypeName
      value: UnityEngine.Object, UnityEngine
      objectReference: {fileID: 0}
    - target: {fileID: 5419331889293473514, guid: 76f3439a0ae796e4b81bee3f91f888ee, type: 3}
      propertyPath: m_SelectEntered.m_PersistentCalls.m_Calls.Array.data[0].m_Arguments.m_ObjectArgumentAssemblyTypeName
      value: UnityEngine.Object, UnityEngine
      objectReference: {fileID: 0}
    - target: {fileID: 5419331889293473514, guid: 76f3439a0ae796e4b81bee3f91f888ee, type: 3}
      propertyPath: m_LastSelectExited.m_PersistentCalls.m_Calls.Array.data[0].m_Arguments.m_ObjectArgumentAssemblyTypeName
      value: UnityEngine.Object, UnityEngine
      objectReference: {fileID: 0}
    - target: {fileID: 5419331889293473514, guid: 76f3439a0ae796e4b81bee3f91f888ee, type: 3}
      propertyPath: m_FirstSelectEntered.m_PersistentCalls.m_Calls.Array.data[0].m_Arguments.m_ObjectArgumentAssemblyTypeName
      value: UnityEngine.Object, UnityEngine
      objectReference: {fileID: 0}
    m_RemovedComponents: []
    m_RemovedGameObjects: []
    m_AddedGameObjects:
    - targetCorrespondingSourceObject: {fileID: 4616165200164398447, guid: 76f3439a0ae796e4b81bee3f91f888ee, type: 3}
      insertIndex: -1
      addedObject: {fileID: 7497756739109278444}
    m_AddedComponents: []
  m_SourcePrefab: {fileID: 100100000, guid: 76f3439a0ae796e4b81bee3f91f888ee, type: 3}
--- !u!4 &8542266111722448537 stripped
Transform:
  m_CorrespondingSourceObject: {fileID: 4616165200164398447, guid: 76f3439a0ae796e4b81bee3f91f888ee, type: 3}
  m_PrefabInstance: {fileID: 3928212066233697270}
  m_PrefabAsset: {fileID: 0}
--- !u!1001 &3983587192223669447
PrefabInstance:
  m_ObjectHideFlags: 0
  serializedVersion: 2
  m_Modification:
    serializedVersion: 3
    m_TransformParent: {fileID: 225888850462780976}
    m_Modifications:
    - target: {fileID: 4616165200164398447, guid: 76f3439a0ae796e4b81bee3f91f888ee, type: 3}
      propertyPath: m_LocalScale.x
      value: 0.059999984
      objectReference: {fileID: 0}
    - target: {fileID: 4616165200164398447, guid: 76f3439a0ae796e4b81bee3f91f888ee, type: 3}
      propertyPath: m_LocalScale.y
      value: 0.06
      objectReference: {fileID: 0}
    - target: {fileID: 4616165200164398447, guid: 76f3439a0ae796e4b81bee3f91f888ee, type: 3}
      propertyPath: m_LocalScale.z
      value: 0.059999984
      objectReference: {fileID: 0}
    - target: {fileID: 4616165200164398447, guid: 76f3439a0ae796e4b81bee3f91f888ee, type: 3}
      propertyPath: m_LocalPosition.x
      value: 0.0225
      objectReference: {fileID: 0}
    - target: {fileID: 4616165200164398447, guid: 76f3439a0ae796e4b81bee3f91f888ee, type: 3}
      propertyPath: m_LocalPosition.y
      value: 0.05457
      objectReference: {fileID: 0}
    - target: {fileID: 4616165200164398447, guid: 76f3439a0ae796e4b81bee3f91f888ee, type: 3}
      propertyPath: m_LocalPosition.z
      value: -0.029
      objectReference: {fileID: 0}
    - target: {fileID: 4616165200164398447, guid: 76f3439a0ae796e4b81bee3f91f888ee, type: 3}
      propertyPath: m_LocalRotation.w
      value: -0.7071068
      objectReference: {fileID: 0}
    - target: {fileID: 4616165200164398447, guid: 76f3439a0ae796e4b81bee3f91f888ee, type: 3}
      propertyPath: m_LocalRotation.x
      value: -0
      objectReference: {fileID: 0}
    - target: {fileID: 4616165200164398447, guid: 76f3439a0ae796e4b81bee3f91f888ee, type: 3}
      propertyPath: m_LocalRotation.y
      value: -0.7071068
      objectReference: {fileID: 0}
    - target: {fileID: 4616165200164398447, guid: 76f3439a0ae796e4b81bee3f91f888ee, type: 3}
      propertyPath: m_LocalRotation.z
      value: -0
      objectReference: {fileID: 0}
    - target: {fileID: 4616165200164398447, guid: 76f3439a0ae796e4b81bee3f91f888ee, type: 3}
      propertyPath: m_LocalEulerAnglesHint.x
      value: 0
      objectReference: {fileID: 0}
    - target: {fileID: 4616165200164398447, guid: 76f3439a0ae796e4b81bee3f91f888ee, type: 3}
      propertyPath: m_LocalEulerAnglesHint.y
      value: 0
      objectReference: {fileID: 0}
    - target: {fileID: 4616165200164398447, guid: 76f3439a0ae796e4b81bee3f91f888ee, type: 3}
      propertyPath: m_LocalEulerAnglesHint.z
      value: 0
      objectReference: {fileID: 0}
    - target: {fileID: 4616165200164398447, guid: 76f3439a0ae796e4b81bee3f91f888ee, type: 3}
      propertyPath: m_ConstrainProportionsScale
      value: 1
      objectReference: {fileID: 0}
    - target: {fileID: 4922582553321831162, guid: 76f3439a0ae796e4b81bee3f91f888ee, type: 3}
      propertyPath: m_Name
      value: Reset Stratagem Sequence
      objectReference: {fileID: 0}
    - target: {fileID: 5419331889293473514, guid: 76f3439a0ae796e4b81bee3f91f888ee, type: 3}
      propertyPath: m_Activated.m_PersistentCalls.m_Calls.Array.size
      value: 0
      objectReference: {fileID: 0}
    - target: {fileID: 5419331889293473514, guid: 76f3439a0ae796e4b81bee3f91f888ee, type: 3}
      propertyPath: m_FirstSelectEntered.m_PersistentCalls.m_Calls.Array.size
      value: 1
      objectReference: {fileID: 0}
    - target: {fileID: 5419331889293473514, guid: 76f3439a0ae796e4b81bee3f91f888ee, type: 3}
      propertyPath: m_Activated.m_PersistentCalls.m_Calls.Array.data[0].m_Mode
      value: 1
      objectReference: {fileID: 0}
    - target: {fileID: 5419331889293473514, guid: 76f3439a0ae796e4b81bee3f91f888ee, type: 3}
      propertyPath: m_Activated.m_PersistentCalls.m_Calls.Array.data[0].m_Target
      value: 
      objectReference: {fileID: 8309902603419617272}
    - target: {fileID: 5419331889293473514, guid: 76f3439a0ae796e4b81bee3f91f888ee, type: 3}
      propertyPath: m_Activated.m_PersistentCalls.m_Calls.Array.data[0].m_CallState
      value: 2
      objectReference: {fileID: 0}
    - target: {fileID: 5419331889293473514, guid: 76f3439a0ae796e4b81bee3f91f888ee, type: 3}
      propertyPath: m_Activated.m_PersistentCalls.m_Calls.Array.data[0].m_MethodName
      value: StratagemRightPushed
      objectReference: {fileID: 0}
    - target: {fileID: 5419331889293473514, guid: 76f3439a0ae796e4b81bee3f91f888ee, type: 3}
      propertyPath: m_FirstSelectEntered.m_PersistentCalls.m_Calls.Array.data[0].m_Mode
      value: 1
      objectReference: {fileID: 0}
    - target: {fileID: 5419331889293473514, guid: 76f3439a0ae796e4b81bee3f91f888ee, type: 3}
      propertyPath: m_FirstSelectEntered.m_PersistentCalls.m_Calls.Array.data[0].m_Target
      value: 
      objectReference: {fileID: 8309902603419617272}
    - target: {fileID: 5419331889293473514, guid: 76f3439a0ae796e4b81bee3f91f888ee, type: 3}
      propertyPath: m_FirstSelectEntered.m_PersistentCalls.m_Calls.Array.data[0].m_CallState
      value: 2
      objectReference: {fileID: 0}
    - target: {fileID: 5419331889293473514, guid: 76f3439a0ae796e4b81bee3f91f888ee, type: 3}
      propertyPath: m_FirstSelectEntered.m_PersistentCalls.m_Calls.Array.data[0].m_MethodName
      value: ResetStratagemControl
      objectReference: {fileID: 0}
    - target: {fileID: 5419331889293473514, guid: 76f3439a0ae796e4b81bee3f91f888ee, type: 3}
      propertyPath: m_Activated.m_PersistentCalls.m_Calls.Array.data[0].m_TargetAssemblyTypeName
      value: StratagemController, Assembly-CSharp
      objectReference: {fileID: 0}
    - target: {fileID: 5419331889293473514, guid: 76f3439a0ae796e4b81bee3f91f888ee, type: 3}
      propertyPath: m_FirstSelectEntered.m_PersistentCalls.m_Calls.Array.data[0].m_TargetAssemblyTypeName
      value: StratagemController, Assembly-CSharp
      objectReference: {fileID: 0}
    - target: {fileID: 5419331889293473514, guid: 76f3439a0ae796e4b81bee3f91f888ee, type: 3}
      propertyPath: m_Activated.m_PersistentCalls.m_Calls.Array.data[0].m_Arguments.m_ObjectArgumentAssemblyTypeName
      value: UnityEngine.Object, UnityEngine
      objectReference: {fileID: 0}
    - target: {fileID: 5419331889293473514, guid: 76f3439a0ae796e4b81bee3f91f888ee, type: 3}
      propertyPath: m_FirstSelectEntered.m_PersistentCalls.m_Calls.Array.data[0].m_Arguments.m_ObjectArgumentAssemblyTypeName
      value: UnityEngine.Object, UnityEngine
      objectReference: {fileID: 0}
    - target: {fileID: 7570054883501488236, guid: 76f3439a0ae796e4b81bee3f91f888ee, type: 3}
      propertyPath: m_Materials.Array.data[0]
      value: 
      objectReference: {fileID: 2100000, guid: 9d9bccc27d53946408e93e44a43bbaed, type: 2}
    m_RemovedComponents: []
    m_RemovedGameObjects: []
    m_AddedGameObjects:
    - targetCorrespondingSourceObject: {fileID: 4616165200164398447, guid: 76f3439a0ae796e4b81bee3f91f888ee, type: 3}
      insertIndex: 0
      addedObject: {fileID: 1829632762071038562}
    m_AddedComponents: []
  m_SourcePrefab: {fileID: 100100000, guid: 76f3439a0ae796e4b81bee3f91f888ee, type: 3}
--- !u!4 &8594946959496198568 stripped
Transform:
  m_CorrespondingSourceObject: {fileID: 4616165200164398447, guid: 76f3439a0ae796e4b81bee3f91f888ee, type: 3}
  m_PrefabInstance: {fileID: 3983587192223669447}
  m_PrefabAsset: {fileID: 0}
--- !u!1001 &6976189303626925672
PrefabInstance:
  m_ObjectHideFlags: 0
  serializedVersion: 2
  m_Modification:
    serializedVersion: 3
    m_TransformParent: {fileID: 225888850462780976}
    m_Modifications:
    - target: {fileID: 4616165200164398447, guid: 76f3439a0ae796e4b81bee3f91f888ee, type: 3}
      propertyPath: m_LocalScale.x
      value: 0.059999984
      objectReference: {fileID: 0}
    - target: {fileID: 4616165200164398447, guid: 76f3439a0ae796e4b81bee3f91f888ee, type: 3}
      propertyPath: m_LocalScale.y
      value: 0.06
      objectReference: {fileID: 0}
    - target: {fileID: 4616165200164398447, guid: 76f3439a0ae796e4b81bee3f91f888ee, type: 3}
      propertyPath: m_LocalScale.z
      value: 0.059999984
      objectReference: {fileID: 0}
    - target: {fileID: 4616165200164398447, guid: 76f3439a0ae796e4b81bee3f91f888ee, type: 3}
      propertyPath: m_LocalPosition.x
      value: 0.029401466
      objectReference: {fileID: 0}
    - target: {fileID: 4616165200164398447, guid: 76f3439a0ae796e4b81bee3f91f888ee, type: 3}
      propertyPath: m_LocalPosition.y
      value: 0.05337
      objectReference: {fileID: 0}
    - target: {fileID: 4616165200164398447, guid: 76f3439a0ae796e4b81bee3f91f888ee, type: 3}
      propertyPath: m_LocalPosition.z
      value: 0.0281
      objectReference: {fileID: 0}
    - target: {fileID: 4616165200164398447, guid: 76f3439a0ae796e4b81bee3f91f888ee, type: 3}
      propertyPath: m_LocalRotation.w
      value: -0.7071068
      objectReference: {fileID: 0}
    - target: {fileID: 4616165200164398447, guid: 76f3439a0ae796e4b81bee3f91f888ee, type: 3}
      propertyPath: m_LocalRotation.x
      value: -0
      objectReference: {fileID: 0}
    - target: {fileID: 4616165200164398447, guid: 76f3439a0ae796e4b81bee3f91f888ee, type: 3}
      propertyPath: m_LocalRotation.y
      value: -0.7071068
      objectReference: {fileID: 0}
    - target: {fileID: 4616165200164398447, guid: 76f3439a0ae796e4b81bee3f91f888ee, type: 3}
      propertyPath: m_LocalRotation.z
      value: -0
      objectReference: {fileID: 0}
    - target: {fileID: 4616165200164398447, guid: 76f3439a0ae796e4b81bee3f91f888ee, type: 3}
      propertyPath: m_LocalEulerAnglesHint.x
      value: 0
      objectReference: {fileID: 0}
    - target: {fileID: 4616165200164398447, guid: 76f3439a0ae796e4b81bee3f91f888ee, type: 3}
      propertyPath: m_LocalEulerAnglesHint.y
      value: 0
      objectReference: {fileID: 0}
    - target: {fileID: 4616165200164398447, guid: 76f3439a0ae796e4b81bee3f91f888ee, type: 3}
      propertyPath: m_LocalEulerAnglesHint.z
      value: 0
      objectReference: {fileID: 0}
    - target: {fileID: 4616165200164398447, guid: 76f3439a0ae796e4b81bee3f91f888ee, type: 3}
      propertyPath: m_ConstrainProportionsScale
      value: 1
      objectReference: {fileID: 0}
    - target: {fileID: 4922582553321831162, guid: 76f3439a0ae796e4b81bee3f91f888ee, type: 3}
      propertyPath: m_Name
      value: Push Apply Stratagem Beacon
      objectReference: {fileID: 0}
    - target: {fileID: 5419331889293473514, guid: 76f3439a0ae796e4b81bee3f91f888ee, type: 3}
      propertyPath: m_Activated.m_PersistentCalls.m_Calls.Array.size
      value: 0
      objectReference: {fileID: 0}
    - target: {fileID: 5419331889293473514, guid: 76f3439a0ae796e4b81bee3f91f888ee, type: 3}
      propertyPath: m_FirstSelectEntered.m_PersistentCalls.m_Calls.Array.size
      value: 1
      objectReference: {fileID: 0}
    - target: {fileID: 5419331889293473514, guid: 76f3439a0ae796e4b81bee3f91f888ee, type: 3}
      propertyPath: m_Activated.m_PersistentCalls.m_Calls.Array.data[0].m_Mode
      value: 1
      objectReference: {fileID: 0}
    - target: {fileID: 5419331889293473514, guid: 76f3439a0ae796e4b81bee3f91f888ee, type: 3}
      propertyPath: m_Activated.m_PersistentCalls.m_Calls.Array.data[0].m_Target
      value: 
      objectReference: {fileID: 8309902603419617272}
    - target: {fileID: 5419331889293473514, guid: 76f3439a0ae796e4b81bee3f91f888ee, type: 3}
      propertyPath: m_Activated.m_PersistentCalls.m_Calls.Array.data[0].m_CallState
      value: 2
      objectReference: {fileID: 0}
    - target: {fileID: 5419331889293473514, guid: 76f3439a0ae796e4b81bee3f91f888ee, type: 3}
      propertyPath: m_Activated.m_PersistentCalls.m_Calls.Array.data[0].m_MethodName
      value: StratagemRightPushed
      objectReference: {fileID: 0}
    - target: {fileID: 5419331889293473514, guid: 76f3439a0ae796e4b81bee3f91f888ee, type: 3}
      propertyPath: m_FirstSelectEntered.m_PersistentCalls.m_Calls.Array.data[0].m_Mode
      value: 1
      objectReference: {fileID: 0}
    - target: {fileID: 5419331889293473514, guid: 76f3439a0ae796e4b81bee3f91f888ee, type: 3}
      propertyPath: m_FirstSelectEntered.m_PersistentCalls.m_Calls.Array.data[0].m_Target
      value: 
      objectReference: {fileID: 8309902603419617272}
    - target: {fileID: 5419331889293473514, guid: 76f3439a0ae796e4b81bee3f91f888ee, type: 3}
      propertyPath: m_FirstSelectEntered.m_PersistentCalls.m_Calls.Array.data[0].m_CallState
      value: 2
      objectReference: {fileID: 0}
    - target: {fileID: 5419331889293473514, guid: 76f3439a0ae796e4b81bee3f91f888ee, type: 3}
      propertyPath: m_FirstSelectEntered.m_PersistentCalls.m_Calls.Array.data[0].m_MethodName
      value: ApplyStratagem
      objectReference: {fileID: 0}
    - target: {fileID: 5419331889293473514, guid: 76f3439a0ae796e4b81bee3f91f888ee, type: 3}
      propertyPath: m_Activated.m_PersistentCalls.m_Calls.Array.data[0].m_TargetAssemblyTypeName
      value: StratagemController, Assembly-CSharp
      objectReference: {fileID: 0}
    - target: {fileID: 5419331889293473514, guid: 76f3439a0ae796e4b81bee3f91f888ee, type: 3}
      propertyPath: m_FirstSelectEntered.m_PersistentCalls.m_Calls.Array.data[0].m_TargetAssemblyTypeName
      value: StratagemController, Assembly-CSharp
      objectReference: {fileID: 0}
    - target: {fileID: 5419331889293473514, guid: 76f3439a0ae796e4b81bee3f91f888ee, type: 3}
      propertyPath: m_Activated.m_PersistentCalls.m_Calls.Array.data[0].m_Arguments.m_ObjectArgumentAssemblyTypeName
      value: UnityEngine.Object, UnityEngine
      objectReference: {fileID: 0}
    - target: {fileID: 5419331889293473514, guid: 76f3439a0ae796e4b81bee3f91f888ee, type: 3}
      propertyPath: m_FirstSelectEntered.m_PersistentCalls.m_Calls.Array.data[0].m_Arguments.m_ObjectArgumentAssemblyTypeName
      value: UnityEngine.Object, UnityEngine
      objectReference: {fileID: 0}
    - target: {fileID: 7570054883501488236, guid: 76f3439a0ae796e4b81bee3f91f888ee, type: 3}
      propertyPath: m_Materials.Array.data[0]
      value: 
      objectReference: {fileID: 2100000, guid: 64da022bc2aec1e46b0f50a2349c2d90, type: 2}
    m_RemovedComponents: []
    m_RemovedGameObjects: []
    m_AddedGameObjects: []
    m_AddedComponents: []
  m_SourcePrefab: {fileID: 100100000, guid: 76f3439a0ae796e4b81bee3f91f888ee, type: 3}
--- !u!4 &2368769155236209415 stripped
Transform:
  m_CorrespondingSourceObject: {fileID: 4616165200164398447, guid: 76f3439a0ae796e4b81bee3f91f888ee, type: 3}
  m_PrefabInstance: {fileID: 6976189303626925672}
  m_PrefabAsset: {fileID: 0}
--- !u!1001 &9196650234698878205
PrefabInstance:
  m_ObjectHideFlags: 0
  serializedVersion: 2
  m_Modification:
    serializedVersion: 3
    m_TransformParent: {fileID: 225888850462780976}
    m_Modifications:
    - target: {fileID: 4616165200164398447, guid: 76f3439a0ae796e4b81bee3f91f888ee, type: 3}
      propertyPath: m_LocalScale.x
      value: 0.059999984
      objectReference: {fileID: 0}
    - target: {fileID: 4616165200164398447, guid: 76f3439a0ae796e4b81bee3f91f888ee, type: 3}
      propertyPath: m_LocalScale.y
      value: 0.06
      objectReference: {fileID: 0}
    - target: {fileID: 4616165200164398447, guid: 76f3439a0ae796e4b81bee3f91f888ee, type: 3}
      propertyPath: m_LocalScale.z
      value: 0.059999984
      objectReference: {fileID: 0}
    - target: {fileID: 4616165200164398447, guid: 76f3439a0ae796e4b81bee3f91f888ee, type: 3}
      propertyPath: m_LocalPosition.x
      value: 0.01793236
      objectReference: {fileID: 0}
    - target: {fileID: 4616165200164398447, guid: 76f3439a0ae796e4b81bee3f91f888ee, type: 3}
      propertyPath: m_LocalPosition.y
      value: 0.055899538
      objectReference: {fileID: 0}
    - target: {fileID: 4616165200164398447, guid: 76f3439a0ae796e4b81bee3f91f888ee, type: 3}
      propertyPath: m_LocalPosition.z
      value: 0.00010000853
      objectReference: {fileID: 0}
    - target: {fileID: 4616165200164398447, guid: 76f3439a0ae796e4b81bee3f91f888ee, type: 3}
      propertyPath: m_LocalRotation.w
      value: -0.7071068
      objectReference: {fileID: 0}
    - target: {fileID: 4616165200164398447, guid: 76f3439a0ae796e4b81bee3f91f888ee, type: 3}
      propertyPath: m_LocalRotation.x
      value: -0
      objectReference: {fileID: 0}
    - target: {fileID: 4616165200164398447, guid: 76f3439a0ae796e4b81bee3f91f888ee, type: 3}
      propertyPath: m_LocalRotation.y
      value: -0.7071068
      objectReference: {fileID: 0}
    - target: {fileID: 4616165200164398447, guid: 76f3439a0ae796e4b81bee3f91f888ee, type: 3}
      propertyPath: m_LocalRotation.z
      value: -0
      objectReference: {fileID: 0}
    - target: {fileID: 4616165200164398447, guid: 76f3439a0ae796e4b81bee3f91f888ee, type: 3}
      propertyPath: m_LocalEulerAnglesHint.x
      value: 0
      objectReference: {fileID: 0}
    - target: {fileID: 4616165200164398447, guid: 76f3439a0ae796e4b81bee3f91f888ee, type: 3}
      propertyPath: m_LocalEulerAnglesHint.y
      value: 0
      objectReference: {fileID: 0}
    - target: {fileID: 4616165200164398447, guid: 76f3439a0ae796e4b81bee3f91f888ee, type: 3}
      propertyPath: m_LocalEulerAnglesHint.z
      value: 0
      objectReference: {fileID: 0}
    - target: {fileID: 4616165200164398447, guid: 76f3439a0ae796e4b81bee3f91f888ee, type: 3}
      propertyPath: m_ConstrainProportionsScale
      value: 1
      objectReference: {fileID: 0}
    - target: {fileID: 4922582553321831162, guid: 76f3439a0ae796e4b81bee3f91f888ee, type: 3}
      propertyPath: m_Name
      value: Push Up
      objectReference: {fileID: 0}
    - target: {fileID: 5419331889293473514, guid: 76f3439a0ae796e4b81bee3f91f888ee, type: 3}
      propertyPath: m_Activated.m_PersistentCalls.m_Calls.Array.size
      value: 1
      objectReference: {fileID: 0}
    - target: {fileID: 5419331889293473514, guid: 76f3439a0ae796e4b81bee3f91f888ee, type: 3}
      propertyPath: m_FirstSelectEntered.m_PersistentCalls.m_Calls.Array.size
      value: 1
      objectReference: {fileID: 0}
    - target: {fileID: 5419331889293473514, guid: 76f3439a0ae796e4b81bee3f91f888ee, type: 3}
      propertyPath: m_Activated.m_PersistentCalls.m_Calls.Array.data[0].m_Mode
      value: 1
      objectReference: {fileID: 0}
    - target: {fileID: 5419331889293473514, guid: 76f3439a0ae796e4b81bee3f91f888ee, type: 3}
      propertyPath: m_Activated.m_PersistentCalls.m_Calls.Array.data[0].m_Target
      value: 
      objectReference: {fileID: 8309902603419617272}
    - target: {fileID: 5419331889293473514, guid: 76f3439a0ae796e4b81bee3f91f888ee, type: 3}
      propertyPath: m_Activated.m_PersistentCalls.m_Calls.Array.data[0].m_CallState
      value: 2
      objectReference: {fileID: 0}
    - target: {fileID: 5419331889293473514, guid: 76f3439a0ae796e4b81bee3f91f888ee, type: 3}
      propertyPath: m_Activated.m_PersistentCalls.m_Calls.Array.data[0].m_MethodName
      value: StratagemUpPushed
      objectReference: {fileID: 0}
    - target: {fileID: 5419331889293473514, guid: 76f3439a0ae796e4b81bee3f91f888ee, type: 3}
      propertyPath: m_FirstSelectEntered.m_PersistentCalls.m_Calls.Array.data[0].m_Mode
      value: 1
      objectReference: {fileID: 0}
    - target: {fileID: 5419331889293473514, guid: 76f3439a0ae796e4b81bee3f91f888ee, type: 3}
      propertyPath: m_FirstSelectEntered.m_PersistentCalls.m_Calls.Array.data[0].m_Target
      value: 
      objectReference: {fileID: 8309902603419617272}
    - target: {fileID: 5419331889293473514, guid: 76f3439a0ae796e4b81bee3f91f888ee, type: 3}
      propertyPath: m_FirstSelectEntered.m_PersistentCalls.m_Calls.Array.data[0].m_CallState
      value: 2
      objectReference: {fileID: 0}
    - target: {fileID: 5419331889293473514, guid: 76f3439a0ae796e4b81bee3f91f888ee, type: 3}
      propertyPath: m_FirstSelectEntered.m_PersistentCalls.m_Calls.Array.data[0].m_MethodName
      value: StratagemUpPushed
      objectReference: {fileID: 0}
    - target: {fileID: 5419331889293473514, guid: 76f3439a0ae796e4b81bee3f91f888ee, type: 3}
      propertyPath: m_Activated.m_PersistentCalls.m_Calls.Array.data[0].m_TargetAssemblyTypeName
      value: StratagemController, Assembly-CSharp
      objectReference: {fileID: 0}
    - target: {fileID: 5419331889293473514, guid: 76f3439a0ae796e4b81bee3f91f888ee, type: 3}
      propertyPath: m_FirstSelectEntered.m_PersistentCalls.m_Calls.Array.data[0].m_TargetAssemblyTypeName
      value: StratagemController, Assembly-CSharp
      objectReference: {fileID: 0}
    - target: {fileID: 5419331889293473514, guid: 76f3439a0ae796e4b81bee3f91f888ee, type: 3}
      propertyPath: m_Activated.m_PersistentCalls.m_Calls.Array.data[0].m_Arguments.m_ObjectArgumentAssemblyTypeName
      value: UnityEngine.Object, UnityEngine
      objectReference: {fileID: 0}
    - target: {fileID: 5419331889293473514, guid: 76f3439a0ae796e4b81bee3f91f888ee, type: 3}
      propertyPath: m_FirstSelectEntered.m_PersistentCalls.m_Calls.Array.data[0].m_Arguments.m_ObjectArgumentAssemblyTypeName
      value: UnityEngine.Object, UnityEngine
      objectReference: {fileID: 0}
    m_RemovedComponents: []
    m_RemovedGameObjects: []
    m_AddedGameObjects:
    - targetCorrespondingSourceObject: {fileID: 4616165200164398447, guid: 76f3439a0ae796e4b81bee3f91f888ee, type: 3}
      insertIndex: -1
      addedObject: {fileID: 3336566406171820031}
    m_AddedComponents: []
  m_SourcePrefab: {fileID: 100100000, guid: 76f3439a0ae796e4b81bee3f91f888ee, type: 3}
--- !u!4 &4588879275526777234 stripped
Transform:
  m_CorrespondingSourceObject: {fileID: 4616165200164398447, guid: 76f3439a0ae796e4b81bee3f91f888ee, type: 3}
  m_PrefabInstance: {fileID: 9196650234698878205}
  m_PrefabAsset: {fileID: 0}
